2867 5125
952 407 1330 474 Linea
1413 396 1618 475 1v..'
2207 408 2296 476 80

226 604 389 652 mam
439 600 656 650 rerum
687 598 839 644 esse
868 577 1363 663 providentiam,
1406 574 1613 643 fatum
1646 596 1804 644 vero
1832 596 2080 656 eorum,
2125 599 2299 665 quae

228 670 444 738 divina
496 665 886 750 simplicitas
930 664 1217 747 gerenda
1275 663 1636 747 disposuit,
1699 661 2004 730 mobilem
2059 686 2300 732 nexum

229 769 421 841 atque
477 751 775 818 ordinem
832 747 1276 834 temporalem.
1363 750 1511 823 Quo
1553 746 1659 828 fit,
1715 761 1787 813 ut
1843 752 2061 818 omnia
2127 772 2299 836 quae

226 841 360 909 fato
416 841 734 916 subsunt,
790 836 1243 922 providentiae
1298 856 1558 920 quoque
1620 835 1918 902 subiecta
1974 836 2138 916 sint,
2194 838 2300 901 cui

226 930 434 1012 ipsum
480 927 674 992 etiam
719 923 1016 990 subiacet
1056 920 1299 987 fatum:
1346 922 1661 1007 quaedam
1703 943 1904 1003 vero,
1962 942 2131 1009 quae
2174 923 2295 988 sub
2338 932 2416 1004 5,

227 1011 635 1101 providentia
672 1010 892 1078 locata
933 1018 1108 1086 sunt,
1154 1007 1271 1072 fati
1308 1008 1542 1074 seriem
1585 1020 1912 1094 superent.
1995 1009 2096 1074 Ea
2137 1029 2298 1073 vero

229 1110 415 1180 sunt,
472 1118 642 1186 quae
685 1099 934 1181 primae
999 1094 1363 1195 propinqua
1424 1094 1741 1159 divinitati
1797 1094 2114 1159 stabiliter
2166 1093 2303 1160 fi'xa

226 1183 450 1252 fatalis
490 1183 781 1248 ordinem
846 1178 1221 1246 mobilitatis
1282 1177 1624 1256 excedunt,
1711 1179 1877 1246 Nam
1920 1192 1992 1245 ut
2049 1182 2303 1245 orbium

229 1271 407 1337 circa
449 1269 745 1334 eumdem
790 1266 1121 1346 cardinem
1164 1284 1317 1330 sese
1374 1265 1799 1344 vertentium,
1860 1268 1972 1353 qui
2014 1279 2117 1332 est
2158 1266 2300 1332 iuti·

227 1377 412 1434 muS,
469 1356 555 1420 ad
615 1350 1094 1437 simplicitatem
1160 1349 1525 1416 medietatis
1567 1352 1863 1431 accedit,
1907 1363 2296 1418 ceterorum·
2356 1351 2448 1422 1⁰

231 1463 355 1529 que
398 1452 586 1506 extra
629 1439 993 1510 locatorum
1039 1435 1238 1502 veluti
1284 1437 1484 1501 cardo
1531 1438 1831 1522 quidam,
1890 1439 2071 1506 circa
2113 1460 2306 1525 quem

227 1539 604 1605 versentur,
674 1523 932 1599 existit3
990 1524 1269 1587 extimus
1328 1543 1486 1587 vero
1543 1524 1790 1590 maiore
1831 1526 2077 1592 ambitu
2133 1537 2308 1589 rota-

230 1624 357 1692 tus,
393 1625 634 1698 quanto
680 1631 723 1674 a
762 1608 988 1695 puncti
1032 1609 1244 1673 media
1288 1609 1737 1675 individuitate
1781 1610 2079 1690 discedit,
2125 1621 2308 1678 tanto

229 1699 655 1785 amplioribus
696 1696 929 1786 spatiis
973 1694 1374 1779 explicatur:
1419 1695 1479 1759 si
1523 1695 1676 1779 quid
1719 1717 1878 1761 vero
1922 1695 2016 1764 illi
2058 1718 2135 1764 se
2179 1718 2309 1761 me·

230 1787 338 1853 dio
383 1794 734 1850 connectat
773 1793 838 1848 et
880 1780 1112 1860 societ,
1155 1781 1218 1846 in
1265 1779 1744 1864 simplicitatem
1775 1783 2032 1866 cogitur
2075 1781 2305 1862 diffun-
2365 1789 2458 1858 15

231 1872 424 1957 dique
466 1890 549 1935 ac
592 1868 887 1934 diffluere
949 1878 1191 1932 cessat.
1275 1864 1485 1931 Simili
1532 1871 1784 1932 ratione
1827 1870 2003 1970 quod
2042 1867 2312 1951 longius

231 1978 274 2022 a
318 1957 526 2042 prima
567 1966 781 2019 mente
823 1953 1119 2031 discedit,
1162 1952 1518 2016 maioribus
1561 1951 1679 2018 fati
1723 1956 2000 2019 nexibus
2039 1955 2311 2040 inplica-

229 2054 369 2124 tur,
407 2063 493 2107 ac
534 2053 717 2105 tanto
758 2039 999 2126 aliquid
1044 2039 1180 2104 fato
1227 2036 1498 2102 liberum
1543 2050 1668 2118 est,
1714 2052 1955 2123 quanto
1994 2038 2172 2108 illum
2215 1967 2435 2192 res

227 2150 372 2194 rum
417 2127 749 2192 cardinem
793 2125 1067 2190 vicinius
1110 2123 1286 2208 petit.
1374 2123 1566 2197 Quod
1610 2126 1668 2190 si
1712 2146 2036 2209 supernae
2080 2127 2274 2191 menti

230 2213 522 2280 haeserit
565 2211 875 2290 firmitati,
907 2223 1078 2275 motu
1112 2231 1357 2292 carens,
1376 2209 1493 2274 fati
1527 2231 1784 2297 quoque
1820 2214 2311 2297 supergreditur
2364 2210 2456 2286 Ἃ

231 2300 710 2366 necessitatem.
797 2297 997 2380 lgitur
1039 2298 1129 2360 uti
1175 2309 1278 2359 est
1319 2297 1403 2359 ad
1433 2295 1834 2362 intellectum'
1876 2300 2312 2376 ratiocinatio,

233 2386 318 2451 ad
363 2386 433 2450 id
473 2385 645 2477 quod
692 2393 818 2462 est,
863 2382 926 2448 id
970 2382 1142 2471 quod
1186 2382 1494 2466 gignitur,
1536 2381 1624 2450 ad
1667 2385 2112 2450 aeternitatem
2156 2398 2312 2450 tem-

232 2491 398 2556 puS,
456 2472 543 2538 ad
585 2481 894 2554 punctum
939 2469 1218 2535 medium
1265 2467 1586 2532 circulus:
1647 2469 1738 2534 ita
1782 2482 1885 2535 est
1927 2470 2048 2538 fati
2105 2472 2315 2536 series

233 2555 496 2624 mobilis
538 2556 622 2621 ad
672 2555 1120 2643 providentiae
1160 2553 1460 2620 stabilem
1492 2554 1993 2638 simplicitatem.
2083 2558 2180 2623 Ea
2211 2580 2314 2624 se-

230 2645 367 2709 ries
407 2641 659 2709 caelum
702 2664 784 2707 ac
841 2642 1061 2706 sidera
1119 2654 1372 2720 movet,
1426 2640 1748 2707 elementa
1788 2646 1854 2709 in
1899 2665 1976 2709 se
2032 2645 2313 2717 invicem
2368 2645 2458 2713 25

233 2740 555 2813 temperat
612 2741 679 2792 et
736 2726 991 2809 alterna
1031 2727 1512 2795 conmutatione
1568 2726 2028 2796 transformat:
2089 2718 2323 2798 eadem
2425 2726 2472 2741 ”

236 2814 582 2880 nascentia
642 2813 1137 2897 occidentiaque
1195 2814 1414 2879 omnia
1457 2835 1577 2897 per
1619 2816 1864 2882 similes
1919 2817 2164 2884 fetuum
2219 2840 2322 2884 se-

236 2900 609 2984 minumque
652 2910 930 2963 renovat
972 2918 1387 2983 progressus.
1472 2900 1663 2965 Haec
1707 2914 1900 2968 actus
1949 2906 2144 2971 etiam
2191 2904 2322 2972 for-

237 2999 562 3071 tunasque
604 2985 937 3054 hominum
998 2978 1430 3049 indissolubili
1472 2976 1855 3065 caussarum
1918 2993 2326 3059 connexione

242 3072 668 3153 constringit,
728 3091 898 3156 quae
958 3090 1107 3133 cum
1149 3070 1234 3132 ab
1295 3067 1618 3135 inmobilis
1677 3073 2127 3154 providentiae
2168 3098 2319 3162 pro·
2375 3075 2466 3147 30

238 3156 576 3223 ficiscatur
616 3157 924 3231 exordiiS,
967 3157 1178 3239 ipsam
1224 3174 1485 3240 quoque
1534 3143 1976 3223 iffmutabilem
2022 3181 2173 3226 esse
2215 3184 2326 3227 ne-

242 3263 439 3309 cesse
485 3254 604 3306 est.
691 3242 790 3307 Ita
849 3242 1019 3307 enim
1063 3261 1169 3305 res
1230 3239 1472 3325 optime
1531 3253 1882 3324 reguntur,
1951 3245 2012 3311 si
2055 3268 2331 3315 manens

242 3330 315 3394 in
361 3328 582 3393 divina
626 3339 843 3392 mente
905 3325 1291 3410 simplicitas
1363 3324 1912 3393 indeclinabilem·
1946 3337 2333 3411 caussarum

241 3415 537 3480 ordinem
585 3424 875 3498 promati
935 3411 1048 3477 hic
1089 3433 1251 3475 vero
1293 3412 1458 3476 ordo
1493 3433 1608 3517 ges
1670 3414 2016 3481 mutabiles
2058 3430 2125 3483 et
2168 3417 2331 3484 alio·

243 3501 399 3586 quin
446 3511 690 3567 temere
719 3499 1017 3567 fluituras
1054 3496 1316 3581 propria
1346 3499 1971 3569 incommutabilitate
2001 3515 2328 3572 coerceat.
2386 3507 2473 3578 35

251 3588 404 3662 Quo
446 3584 558 3666 fit,
595 3597 668 3650 ut
709 3586 967 3653 tametsi
1011 3585 1204 3649 vobis
1245 3583 1422 3653 bunc
1477 3585 1769 3654 ordinem
1815 3588 2078 3659 minime
2123 3592 2337 3661 consi·

384 3801 438 3853 2.
476 3795 712 3878 gerenda
728 3794 887 3876 disp]
903 3790 1397 3879 ΑΒῼΒᾳίολΙΚρ
1409 3792 1549 3853 Vall.
1582 3811 1691 3915 ger.
1721 3813 1843 3851 esse
1875 3792 2244 3869 disp.LNVoe.
2265 3799 2344 3859 Χ,

249 3872 425 3920 etc.-
454 3870 507 3918 5.
533 3873 689 3918 enam
703 3864 851 3917 subs.
868 3879 968 3931 ips.
992 3861 1033 3915 L
1069 3871 1225 3917 etnam
1240 3862 1340 3932 ips.
1358 3861 1482 3933 epL
1496 3860 1592 3916 Wo
1614 3863 1729 3932 fi-
1767 3869 2110 3939 ᾶειῳρηοε]
2128 3867 2356 3944 ΛΒΟοῙ

263 3932 411 3989 Van.
442 3930 611 4001 Wolf.
645 3940 898 4001 superant
933 3928 1050 3984 Get.
1081 3946 1316 3984 omn.-
1357 3936 1409 3987 9.
1454 3931 1695 3989 eamdem
1729 3931 1794 3991 Α.
1814 3963 1882 3975 -
1933 3945 2015 3993 11.
2049 3951 2161 4010 que,
2198 3936 2259 3992 G.
2282 3967 2345 3981 ...-

253 4039 338 4090 14.
375 4050 436 4087 te
462 4031 534 4086 illi
566 4030 715 4084 A.-
760 4035 840 4089 16.
877 4039 1049 4085 cesset
1082 4029 1231 4085 0.-
1260 4037 1345 4089 21.
1377 4033 1659 4090 rationatio
1689 4033 1800 4090 AB
1831 4038 2162 4126 ratioqqagtq
2187 4039 2349 4097 D,-

249 4139 333 4194 28.
401 4131 639 4202 unctum]
676 4131 926 4193 Codri-at
949 4132 1077 4189 edd.
1096 4139 1227 4216 vett:
1248 4151 1461 4201 omnes,
1485 4132 1657 4204 Wolf·
1679 4133 1837 4194 Flor-
1874 4141 2048 4210 puncti
2060 4112 2354 4199 'Xcta-a

248 4208 336 4260 25.
395 4219 483 4256 nv.
513 4202 566 4253 in
603 4218 665 4254 se
708 4200 769 4254 G.
805 4232 865 4242 —
922 4205 1005 4259 ⁴26.
1044 4212 1330 4259 mutatione
1366 4202 1441 4257 ¹0.
1474 4231 1541 4242 —
1587 4208 1673 4259 23.
1717 4217 1937 4261 revocat
1967 4206 2133 4267 Rctlt.
2185 4209 2348 4266 fortu-

256 4288 484 4339 namque
503 4267 665 4352 Β.--·ο
683 4273 769 4326 30.
787 4269 1138 4343 immobilibus
1165 4269 1335 4341 Wolt'.
1351 4300 1421 4310 -·
1454 4275 1539 4328 31.
1557 4269 1950 4346 proficiscatur]
1974 4275 2353 4405 ABGDZffip

266 4336 444 4477 tat.
474 4334 1689 4477 taetrrrrazffiuwsssssspfflm·
1709 4379 1725 4395 ·
1744 4378 1758 4398 ·
1780 4340 2056 4408 ‘nm-¹
2075 4344 2230 4443 ΑΨ)
2317 4344 2360 4429 f·
