2867 5125
585 464 710 545 152
1125 463 2173 531 Annon-*arnonus

586 659 712 700 non
759 638 1204 713 dubitavimus,
1248 637 1361 699 sed
1402 637 1579 700 valde
1622 638 1876 718 languet
1914 639 2067 702 illud
2111 643 2361 721 inquam
2388 651 2533 724 post
2574 653 2698 711 sed

586 761 823 821 quaeso
886 744 1190 819 positum,
1258 736 1458 818 neque
1502 759 1761 817 usquam
1821 740 1987 817 apud
2024 741 2246 824 Boetli.
2291 747 2376 806 ita
2420 749 2693 811 colloca-

586 846 718 905 tum
750 862 848 903 me
881 844 1185 905 invenisse
1217 844 1497 915 memini3
1541 861 1682 905 nam
1725 841 1826 900 hie
1869 862 1992 905 non
2034 847 2345 922 pertinent
2382 869 2447 926 p.
2484 851 2589 930 38,
2625 853 2691 914 9.

593 943 734 1022 109,
785 944 841 1007 1.
886 950 950 1007 et
991 947 1116 1013 loci
1164 948 1411 1008 similes.
1497 942 1786 1019 Fortasse
1827 944 2071 1026 legend.
2119 951 2250 1008 est:
2316 952 2472 1012 Tum
2530 975 2692 1032 eqo.-

585 1048 731 1108 Ista
771 1050 937 1126 quid.
982 1052 1234 1131 inquam
1263 1071 1433 1114 cons,
1470 1090 1487 1107 .
1512 1086 1529 1104 .
1550 1088 1567 1118 .
1600 1065 1839 1127 quaeso
1882 1054 1962 1108 te.
2047 1049 2210 1115 Alibi
2240 1070 2484 1128 quoque
2517 1057 2690 1122 verb.
2773 1074 2780 1077 ·

589 1150 840 1209 dicendi
898 1151 1281 1213 intruserunt
1342 1151 1582 1211 scribae
1605 1192 1624 1225 ,
1687 1148 1787 1211 vd.
1832 1148 2063 1212 Comm.
2121 1153 2188 1212 in
2233 1154 2387 1231 Tap.
2434 1156 2562 1216 Cic.
2620 1178 2689 1235 p.

587 1249 735 1325 365,
782 1250 883 1314 23.
963 1254 1173 1332 Quam
1215 1254 1377 1314 nihil
1426 1272 1638 1314 accus.
1690 1246 1881 1331 [Top.
1938 1271 2075 1330 cap.
2125 1253 2223 1316 13.
2273 1253 2405 1340 14.]
2449 1270 2690 1322 autu-

587 1375 755 1416 mas·
796 1359 959 1418 male
1005 1354 1233 1435 (vulgo
1278 1361 1411 1414 aut.
1456 1354 1616 1414 dicis
1658 1347 1770 1436 ηπ.)
1813 1359 2059 1416 mereri.
2144 1357 2418 1430 Emendo
2478 1368 2690 1426 statim

587 1460 751 1539 Virg.
795 1461 952 1534 Aen.
984 1459 1095 1533 XI,
1140 1455 1240 1533 24.
1296 1459 1399 1519 Ite
1461 1459 1566 1518 ait.
1618 1475 1749 1535 εφη
1792 1456 1857 1527 in
1899 1454 2001 1517 Ite
2058 1463 2227 1537 ayite
2270 1486 2401 1543 egr.
2467 1468 2566 1527 vd.
2609 1471 2689 1545 V,

587 1559 733 1634 548.
770 1593 856 1607 -·
923 1564 1005 1622 ib.
1053 1558 1154 1633 32,
1204 1560 1325 1619 sad
1362 1553 1539 1636 sala]
1602 1557 1954 1619 Sententia:
2016 1562 2187 1638 ,Quis
2236 1565 2341 1624 ille
2385 1573 2518 1643 est,
2579 1573 2689 1646 qui

583 1662 775 1737 haec,
846 1665 899 1723 si
948 1681 1073 1735 non
1117 1661 1390 1734 credere,
1437 1660 1654 1722 saltem
1712 1658 1923 1734 audire
1982 1658 2195 1725 vult‘Z‘
2229 1700 2317 1711 —-
2374 1688 2437 1745 p.
2470 1670 2576 1746 84,
2621 1673 2686 1735 5.

585 1765 962 1825 Melioribus
998 1807 1015 1824 .
1034 1809 1051 1825 .
1071 1807 1088 1824 .
1117 1759 1312 1844 trum]
1358 1763 1455 1823 De
1494 1761 1682 1827 verbo
1730 1762 1990 1840 simplici
2032 1788 2146 1846 pro
2193 1775 2567 1851 composito,
2610 1781 2688 1836 ut

585 1867 791 1941 aiunt,
852 1885 1041 1944 supra
1101 1887 1168 1944 p.
1213 1864 1353 1928 119.
1398 1865 1478 1925 ad
1518 1859 1568 1940 1,
1616 1863 1672 1924 1.
1713 1865 1832 1924 iam
1878 1865 2108 1929 dictum
2152 1877 2265 1934 est.
2354 1879 2689 1953 Quaeritur

502 1954 509 1963 ⁴
585 1973 811 2043 autem,
857 1988 994 2028 cum
1043 1972 1105 2028 in
1153 1969 1347 2030 altera
1390 1968 1827 2029 enuntiationis
1872 1974 2144 2034 membro
2188 1978 2250 2035 in
2295 1981 2478 2041 codd.
2524 2004 2688 2044 non-

586 2071 771 2130 nullis
817 2075 880 2133 si
923 2080 1037 2148 st„
1081 2074 1200 2133 sed
1242 2062 1307 2133 εἰ
1346 2079 1425 2132 st.
1473 2073 1537 2130 et
1581 2089 1720 2132 cum
1764 2069 1828 2131 in
1874 2075 1935 2133 A
1972 2081 2337 2155 reperiatur,
2381 2103 2528 2144 num
2575 2087 2688 2146 ad·-

584 2176 885 2235 versativa
961 2173 1260 2251 quaedam
1319 2175 1478 2250 part.
1540 2173 1604 2230 in
1664 2171 1761 2230 his
1825 2177 2088 2253 mtorum
2143 2185 2412 2264 vestigiis
2471 2187 2688 2251 lateat.

583 2275 872 2336 Fortasse
910 2275 1130 2335 Boeth.
1179 2276 1460 2352 scripsit:
1506 2275 1736 2336 Contra
1776 2279 1943 2336 stud.
1989 2282 2154 2355 quod
2199 2286 2341 2360 quia
2383 2288 2447 2355 in
2491 2294 2685 2369 antiq.

587 2376 765 2435 eodd.
811 2372 908 2434 :fa
950 2380 1262 2437 exaratum
1298 2381 1450 2453 erat,
1493 2377 1677 2436 facile
1715 2377 1779 2438 in
1822 2396 1961 2440 cum
2007 2388 2069 2444 et
2105 2390 2167 2446 si
2208 2388 2525 2466 depravari
2567 2415 2689 2472 po-

585 2479 722 2539 tuit.
754 2510 839 2523 —
897 2499 958 2556 p.
999 2480 1101 2556 88,
1149 2480 1251 2543 21.
1297 2489 1396 2542 est
1439 2483 1605 2559 quid.
1652 2476 1869 2561 quasi]
1918 2486 2119 2554 Pulm.
2166 2493 2430 2570 quidem.
2501 2496 2684 2567 Rtth‚

584 2582 727 2642 libri
774 2586 1141 2661 scripturam
1208 2585 1668 2662 amplectimur,
1730 2586 1898 2661 quod
1953 2609 2153 2666 neque
2212 2596 2373 2655 inter
2431 2604 2685 2677 quidam

585 2690 772 2763 quasi
828 2706 1028 2761 neque
1105 2689 1266 2746 inter.
1341 2692 1529 2765 quasi
1601 2690 1851 2765 quidam
1923 2691 2087 2766 apud
2148 2694 2369 2758 Boeth.
2429 2706 2686 2766 verbum

584 2785 888 2862 quoddam
935 2789 1231 2847 insertum
1274 2790 1648 2866 invenimus,
1716 2792 1881 2866 quod
1934 2795 2098 2870 apud
2148 2799 2299 2859 alios
2345 2808 2683 2882 scriptores

579 2889 747 2950 haud
761 2909 900 2949 raro
947 2891 1178 2959 factum
1223 2911 1359 2953 esse
1400 2894 1594 2954 videri
1640 2896 1849 2971 potest
1894 2915 1965 2955 ex
2007 2899 2080 2957 iis
2124 2883 2298 2978 loeiS,
2344 2925 2499 2982 quos
2541 2911 2683 2972 lau..

471 3034 496 3052 .
585 2990 693 3050 dat
728 2992 1172 3074 Stuerenburg.
1220 2995 1299 3054 ad
1347 2997 1475 3057 cic.
1521 3008 1635 3075 pro
1680 2997 1866 3056 Arch-
1903 2991 1951 3073 Ι,
1999 2998 2055 3060 2.
2100 3022 2161 3079 Ρ.
2198 3004 2321 3086 30.,
2369 3010 2446 3071 cf.
2489 3012 2575 3088 II,
2624 3014 2684 3077 1.

581 3111 643 3169 p.
694 3091 790 3169 19,
845 3092 942 3153 16.
1001 3095 1117 3169 III,
1163 3094 1222 3153 8.
1270 3114 1320 3155 S.
1370 3098 1414 3157 f.
1460 3102 1531 3174 V,
1561 3099 1637 3172 v1.
1698 3119 1761 3176 p.
1802 3096 1905 3174 98,
1946 3100 2043 3161 14.
2104 3107 2175 3181 V,
2211 3107 2269 3169 5.
2313 3129 2374 3188 p.
2425 3112 2571 3192 110,
2616 3115 2681 3178 6.

582 3192 812 3253 Comm.
861 3196 923 3253 in
971 3196 1097 3256 Cic.
1148 3195 1303 3272 Top.
1345 3217 1407 3275 p.
1446 3202 1590 3278 286,
1640 3202 1743 3263 42.
2180 3265 2185 3272 .

755 3295 956 3357 Carm.
1003 3298 1108 3371 IV,
1155 3296 1214 3357 5.
1263 3300 1452 3386 aper]
1517 3305 1786 3366 offendit
1840 3307 2040 3389 prima
2095 3310 2275 3372 huius
2335 3320 2502 3378 vocis
2550 3323 2683 3397 syl-

583 3394 724 3458 laba
766 3400 1017 3473 praeter.
1060 3400 1318 3463 aliorum
1362 3426 1592 3466 morem
1636 3406 1959 3485 producta,
2005 3412 2288 3489 displicet
2318 3421 2500 3481 etiam
2529 3431 2686 3501 apri

582 3497 740 3559 vall.
787 3516 956 3575 susp.
1001 3506 1077 3563 ab
1121 3510 1565 3581 praecedentes
1612 3510 1871 3590 singul.3
1936 3514 2248 3589 epitheton
2295 3522 2359 3582 in
2403 3524 2525 3585 illis
2571 3547 2679 3589 ve-

584 3601 774 3680 stigiis
824 3620 961 3661 cum
1002 3608 1267 3670 fortasse
1310 3612 1521 3689 lateat,
1565 3616 1724 3675 malo
1768 3617 1925 3674 acri.

753 3704 902 3782 Gap.
946 3706 1016 3766 V.
1081 3728 1142 3785 p.
1180 3710 1283 3787 86,
1336 3713 1430 3775 10..
1497 3713 1635 3799 lex]
1696 3717 1849 3777 Cum
1902 3726 2195 3797 sequatur
2240 3728 2423 3805 leyal.
2470 3738 2677 3809 torm„

583 3809 703 3866 hoe
744 3810 996 3867 verbum
1040 3811 1312 3891 offendit,
1359 3837 1548 3894 quar-e
1582 3819 1763 3896 Vulp.
1808 3841 2013 3885 nemus
2058 3827 2236 3903 (num
2278 3850 2313 3889 e
2344 3836 2501 3893 coni.
2551 3856 2679 3897 non

588 3908 865 3988 constat)
912 3910 1120 3987 edidit,
1167 3919 1332 3992 quod
1373 3921 1555 3982 Notk.
1601 3922 1826 4004 legisse
1868 3925 2148 3989 videtum
2207 3952 2281 3991 so
2324 3935 2682 3999 elida-hare

583 4013 744 4073 unde
787 4012 861 4072 ἓο
905 4011 1064 4076 bault
1109 4022 1227 4079 ete.
1315 4024 1630 4093 Facillime
1672 4026 2013 4096 emendatio
2057 4051 2183 4090 nea·-
2217 4038 2313 4092 est
2354 4034 2467 4114 (cf.
2497 4040 2679 4101 Lact-

581 4115 735 4175 Inst.
779 4116 928 4191 vn,
976 4116 1079 4192 27,
1133 4120 1191 4191 3.
1251 4124 1471 4187 Horat.
1532 4128 1660 4187 Sat.
1706 4126 1791 4201 H,
1844 4127 1901 4202 7,
1948 4128 2051 4189 83.
2110 4133 2327 4201 Senec.
2390 4139 2504 4217 Ep.
2541 4142 2682 4225 24.)

585 4221 649 4278 et
707 4220 826 4297 leq.
886 4226 1191 4283 tormenta
1249 4228 1377 4287 tum
1443 4232 1786 4306 cruciatae,
1828 4231 2071 4291 vincula
2130 4239 2246 4296 etc.
2304 4242 2677 4321 significant.

583 4319 867 4397 Getarum
911 4320 1095 4396 lectio
1139 4332 1512 4399 constitutae
1558 4352 1679 4393 non
1725 4336 2070 4411 spernenda
2116 4345 2226 4413 est,
