2867 5125
622 401 767 484 '110
1437 414 1981 481 anssav.

643 585 774 653 bile
818 585 923 650 vel
966 583 1382 669 imaginabile
1424 595 1548 667 est,
1599 585 1664 650 id
1710 586 2085 650 universum
2130 604 2282 654 esse
2321 608 2451 653 non
2495 607 2712 671 posse:

644 683 754 739 aut
801 673 996 754 igitur
1041 671 1312 735 rationis
1367 692 1594 734 verum
1641 693 1790 736 esse
1835 673 2140 736 iudicium
2199 693 2321 737 nec
2380 675 2711 758 quidquam

645 779 799 822 esse
845 756 1188 832 sensibile.
1237 769 1346 820 aut
1391 759 1694 843 quoniam
1766 759 1886 821 sibi
1935 769 2156 821 notum
2202 760 2286 823 sit
2350 758 2538 842 plura
2583 780 2710 822 sen·

647 846 831 908 sibus
877 853 942 907 ct
986 843 1432 924 imaginationi
1482 863 1635 906 esse
1677 844 2011 920 subiecta,
2057 844 2312 908 inanem
2360 845 2713 926 conceptio·

565 938 608 1001 ὅ
656 951 800 995 nem
846 948 995 992 esse
1038 928 1329 1006 rationiS‚
1366 949 1535 1011 quae
1578 930 1747 1011 quod
1782 928 2091 992 sensibile
2127 929 2214 992 sit
2254 950 2337 992 ac
2379 929 2716 1013 sin-gulare,

647 1015 835 1101 quasi
911 1014 1215 1097 quiddam
1292 1013 1662 1077 universale
1734 1015 2122 1082 consideret.
2223 1015 2326 1077 Ad
2410 1015 2612 1092 llaec,
2670 1015 2714 1077 si

645 1100 813 1165 ratio
873 1110 1103 1163 contra
1161 1100 1560 1181 respondeat
1613 1119 1693 1162 se
1753 1099 2010 1185 quidem
2063 1110 2138 1162 -et
2193 1101 2365 1184 quod
2422 1100 2715 1164 sensibile

182 1213 247 1276 ,αἱ
300 1203 343 1222 ‘
646 1200 712 1251 et
771 1185 944 1269 quod
1009 1183 1426 1267 imaginabile
1494 1185 1579 1247 sit
1638 1185 1702 1248 in
1763 1185 2204 1249 universitatis
2266 1186 2516 1250 ratione
2578 1207 2714 1249 con·

647 1274 943 1356 spicere:
1001 1269 1115 1334 illa
1176 1291 1335 1333 vero
1382 1270 1467 1333 ad
1527 1271 1970 1333 universitatis
2027 1272 2461 1354 cognitionem
2523 1272 2715 1355 adspi-

516 1355 596 1421 10
653 1378 802 1423 rare
842 1377 972 1420 non
1018 1377 1255 1440 posse,
1301 1356 1605 1440 quoniam
1647 1376 1873 1420 eorum
1919 1355 2095 1419 notio
2153 1357 2533 1439 corporales
2575 1357 2716 1439 figu-

646 1465 758 1508 ras
817 1463 946 1506 non
1006 1444 1220 1525 possit
1277 1442 1633 1504 excedere:
1693 1443 1777 1505 de
1837 1462 2053 1505 rerum
2113 1461 2271 1504 vero
2340 1443 2717 1524 cognitione,

581 1591 593 1610 ,
643 1528 909 1592 firmiori
973 1528 1190 1609 potius
1248 1526 1748 1613 perfectiorique
1805 1527 2046 1590 iudicio
2108 1547 2259 1591 esse
2321 1529 2804 1629 credendum?

561 1615 715 1685 wsb
777 1612 1145 1676 huiusmodi
1205 1612 1401 1675 i0··tur
1457 1611 1568 1675 lite
1626 1633 1787 1682 nos,
1901 1613 2089 1676 uibus
2130 1624 2264 1676 tam
2312 1613 2721 1678 ratiocinandi-

649 1720 842 1783 quam
886 1698 1080 1780 imagi
1175 1720 1214 1761 n
1264 1699 1281 1760 i
1345 1698 1542 1761 etiam
1598 1698 1828 1762 sentiet
1900 1699 2050 1784 ique
2097 1700 2202 1761 vis
2255 1698 2461 1778 inest,
2523 1721 2719 1763 nonne

516 1789 598 1854 15
654 1784 928 1849 rationis
968 1785 1187 1868 potius
1229 1798 1532 1847 caussam
1578 1782 2052 1866 probaremus?
2127 1782 2353 1848 Simile
2396 1795 2522 1863 est,
2564 1785 2720 1871 quod

653 1869 938 1934 humana
1007 1870 1171 1933 ratio
1240 1869 1523 1933 divinam
1590 1868 2096 1951 intellegentiam
2161 1868 2419 1947 futura,
2487 1871 2608 1934 nisi
2661 1880 2719 1933 ut

647 1957 797 2040 ipsa
859 1956 1236 2038 cognoscit,
1294 1974 1424 2018 non
1489 1964 1674 2037 putat
1732 1954 1983 2018 intueri.
2070 1954 2237 2022 Nam
2297 1956 2387 2019 ita
2438 1957 2716 2032 disseri&

651 2044 712 2107 si
776 2061 907 2126 qua
972 2051 1191 2105 certos
1255 2060 1338 2103 ac
1405 2041 1824 2103 necessarios
1888 2039 2135 2103 habere
2202 2062 2330 2104 non
2396 2042 2721 2108 videantur

651 2139 949 2204 eventuS‚
996 2147 1076 2189 ea
1122 2136 1298 2190 certo
1349 2135 1662 2189 eventura
1705 2126 2020 2207 praesciri
2067 2136 2411 2208 nequeunt.
2499 2128 2719 2194 Harum

513 2219 599 2285 20
652 2214 849 2296 igitur
907 2233 1117 2276 rerum
1164 2208 1343 2274 nulla
1397 2222 1502 2274 est
1560 2211 2034 2294 praescientia,
2095 2233 2289 2295 quam
2334 2211 2391 2275 si
2437 2215 2627 2280 etiam
2664 2214 2719 2276 in

648 2298 757 2363 his
801 2318 950 2362 esse
995 2298 1379 2372 credamus,
1437 2294 1601 2360 nihil
1646 2297 1767 2360 erit
1810 2298 1993 2380 quod’
2029 2319 2156 2360 non
2216 2317 2297 2361 ex
2344 2302 2719 2364 necessitate

582 2390 586 2396 '
648 2385 1010 2468 proveniat.
1099 2382 1170 2447 Si
1215 2382 1434 2465 igitur,
1479 2382 1571 2446 uti
1617 2382 1888 2445 rationis
1933 2384 2288 2466 participes
2332 2404 2598 2462 sumus,
2641 2384 2720 2449 ita

650 2469 911 2534 divinae
967 2468 1273 2533 iudicium
1319 2467 1551 2532 mentis
1603 2465 1855 2531 habere
1901 2488 2289 2551 possemne,
2354 2470 2525 2536 sicut
2581 2471 2718 2536 ima-

651 2555 1046 2640 ginationem
1102 2575 1499 2639 sensumque
1548 2551 1781 2618 rationi
1843 2554 2077 2618 cedere
2135 2567 2438 2637 oportere
2495 2555 2723 2640 iudica-

515 2650 602 2715 25
655 2642 903 2718 vimuS‚
949 2643 1045 2704 sic
1093 2641 1351 2703 divinae
1392 2660 1546 2703 sese
1591 2641 1786 2702 menti
1831 2639 2176 2707 humanam
2222 2642 2593 2707 submittere
2631 2660 2720 2705 ra·

655 2727 895 2791 tionem
961 2726 1380 2789 iustissimum
1429 2745 1868 2789 censeremus,
1958 2726 2180 2798 Quare
2226 2725 2289 2792 in
2343 2725 2523 2791 illius
2564 2746 2720 2790 sum-

653 2833 801 2876 mae
863 2810 1347 2893 intellegentiae
1412 2830 1769 2887 cacumen,
1817 2812 1873 2874 si
1942 2832 2292 2895 possumus
2308 2859 2331 2889 ,
2377 2813 2723 2895 erigamur:

652 2897 787 2961 illic
832 2898 997 2961 enim
1045 2898 1207 2959 ratio
1277 2896 1558 2974 videbit,
1606 2896 1777 2981 quod
1824 2897 1887 2959 in
1932 2917 2008 2960 se
2053 2918 2179 2959 non
2227 2908 2446 2980 potest
2490 2896 2723 2971 intueri,

652 2983 717 3047 id
763 2995 979 3047 autem
1026 2994 1150 3059 est,
1205 3001 1487 3065 quonam
1533 2982 1725 3045 modo
1772 2983 1965 3046 etiam
2026 3002 2195 3066 quae
2253 2995 2474 3048 certos
2529 2987 2725 3049 ethus

516 3073 604 3139 30
661 3089 791 3134 non
835 3067 1113 3142 habent,
1164 3077 1345 3131 certa
1388 3079 1603 3132 tamen
1664 3066 1882 3131 videat
1937 3087 2021 3132 ac
2079 3065 2340 3133 definita
2377 3066 2726 3154 praenotio,

648 3175 866 3239 neque
909 3154 973 3218 id
1019 3153 1104 3217 sit
1142 3154 1388 3237 opinio,
1432 3153 1551 3216 sed
1597 3173 1889 3219 summae
1933 3155 2151 3238 potius
2193 3155 2509 3225 scientiae
2547 3149 2727 3220 nullis

321 3193 556 3344 N
656 3241 951 3306 terminis
995 3237 1253 3304 inclusa
1294 3238 1700 3324 simplicitas·

429 3464 591 3591 s
652 3544 708 3604 N
740 3460 811 3517 V.
902 3458 1097 3533 Quam
1145 3457 1323 3516 variis
1366 3458 1566 3516 terras
1613 3455 1896 3515 animalia
1951 3457 2271 3530 permeant
2328 3453 2571 3533 figuris!

706 3562 926 3619 amque
977 3544 1107 3603 alia
1170 3546 1414 3603 extento
1477 3550 1621 3600 suat
1690 3559 1951 3618 corpere
1991 3541 2431 3616 pulveremque
2474 3537 2725 3605 verrunt,

794 3730 840 3778 1.
876 3732 1054 3792 potest
1081 3720 1248 3775 Rath..
1283 3719 1475 3791 der.
1525 3734 1692 3790 posse
1731 3719 1847 3774 Cet.
1869 3736 2020 3773 omn.
2055 3749 2123 3761 --
2171 3723 2219 3772 6.
2241 3719 2495 3788 quiddam
2525 3711 2722 3772 ΑΒΗ.

664 3788 788 3844 Tu.
819 3789 961 3845 Vale.
1000 3791 1266 3858 quoddam
1312 3790 1423 3845 Cet.
1458 3805 1608 3844 omn.
1669 3789 1970 3849 considerat
2001 3786 2193 3857 Acw
2207 3787 2393 3858 211'11.
2445 3784 2726 3842 consido-‚e-

657 3866 740 3911 tur
755 3855 849 3919 ‚13
871 3859 1169 3912 consideret
1190 3856 1304 3909 Cet.
1324 3875 1474 3910 omn.
1493 3888 1555 3898 —·
1585 3862 1632 3912 8.
1658 3856 1709 3909 in
1728 3873 1836 3908 om.
1856 3854 2012 3908 eLN.
2032 3883 2097 3894 -·
2137 3864 2213 3910 10.
2235 3865 2421 3926 posset
2439 3849 2722 3916 Alma—

659 3932 741 3982 11.
759 3942 893 3978 vero
912 3943 1023 3977 om.
1043 3924 1107 3976 L.
1140 3924 1307 3994 Wolf.
1334 3956 1384 3963 —-
1453 3932 1530 3981 12.
1545 3921 1784 3977 'firmiore
1805 3923 1852 3976 Α
1887 3921 2107 3976 firmiori
2128 3922 2243 3977 Cet.
2263 3939 2413 3976 omn.
2432 3952 2497 3962 —
2534 3925 2612 3978 14.
2629 3929 2723 3970 ⁰⁰¹¹

658 3990 767 4045 13.
792 4023 852 4032 —-
896 3997 973 4048 15.
1009 3992 1219 4060 prober.
1263 4009 1433 4074 causa.
1459 3993 1535 4045 «Α.
1586 3992 1797 4044 Similes
1835 3989 1895 4044 G.
1934 4021 1991 4073 .—
2052 3995 2129 4046 16.
2178 3990 2319 4043 hum.
2361 4000 2544 4043 natura
2575 3987 2636 4041 A.
2667 4010 2719 4023 ·-·

655 4067 765 4181 23...
780 4060 1509 4197 ειῖῗιῖῧΐῖἒῖωὶέὲεῖἒὲΐέὲ.
1521 4059 1659 4181 1ῗὲ
1672 4089 1745 4166 ἶ
1784 4064 1874 4182 ’2ῗῖ
1905 4076 1972 4180 23.
1984 4076 2131 4180 ⁹325.
2176 4058 2723 4180 Ktss‘ff-fflaff‘fffi

655 4205 812 4250 ment.
859 4195 965 4248 iud.
1001 4195 1104 4266 Ap.
1197 4196 1424 4249 ossimus
1470 4194 1774 4266 amem.
1811 4223 1874 4235 -
1928 4200 2012 4250 27.
2070 4195 2336 4265 possimus
2362 4193 2449 4263 [Β
2471 4188 2634 4259 Wolfi
2664 4209 2724 4229 ···

651 4268 737 4320 29.
778 4272 953 4317 autem
983 4280 1095 4316 om.
1118 4212 1477 4333 Bechssrfaff.
1502 4293 1559 4304 -
1599 4267 1685 4319 30.
1711 4258 1859 4319 ditia.
1891 4261 1958 4315 A.
1979 4291 2050 4302 --

791 4365 856 4418 V.
932 4373 979 4422 1.
1031 4360 1085 4420 Ο
1119 4382 1274 4434 quam
1306 4368 1344 4420 i.
1379 4393 1444 4407 —
1491 4369 1543 4423 2.
1576 4373 1788 4420 vertunt
1822 4362 2005 4435 thtp.
2031 4392 2105 4404 ¹—-
