2867 5125
576 437 701 508 132
1082 434 2129 500 Annorum-roasa

578 612 682 691 31,
725 610 788 672 2.
871 605 1495 672 Animadvertendum
1551 611 1757 669 autem
1800 611 1897 668 est
1940 612 2231 669 nominat.
2276 627 2489 670 casum
2533 610 2676 688 ple-

576 732 836 792 rumque
893 714 957 771 in
1011 710 1130 770 hac
1175 710 1607 771 coniunctione
1665 711 1990 787 anteponi,
2037 714 2101 769 et
2141 729 2348 772 accus.
2394 718 2458 772 et
2500 713 2678 774 abla-

577 821 681 879 tiv.
743 814 964 876 ceteris
1014 815 1340 892 postponi,
1394 813 1498 874 vd.
1554 807 1646 887 II,
1710 812 1770 871 2.
1815 830 1878 889 p.
1926 809 2030 884 22,
2074 809 2134 869 4.
2197 807 2288 889 11,
2336 815 2394 873 5.
2440 835 2504 892 p.
2567 814 2677 892 27,

577 921 681 983 33.
723 920 840 977 tihi
891 919 970 976 de
1025 920 1167 992 ipso
1224 913 1334 997 (de
1396 932 1521 990 qua
1570 913 1837 972 formula
1894 913 1974 973 cf.
2017 913 2221 974 Klotz.
2283 914 2363 973 ad
2402 914 2571 974 Lael.
2613 909 2674 986 I,

577 1022 654 1096 5,
696 1039 758 1097 p.
805 1017 947 1092 93„
1006 1018 1110 1093 qui
1167 1016 1382 1076 laudat
1435 1015 1789 1075 Hoffmann.
1835 1018 1898 1073 in
1939 1015 2113 1073 Iahn.
2157 1014 2381 1075 Annal.
2425 1017 2560 1087 VII,
2610 1014 2672 1073 1.

572 1142 635 1200 p.
683 1119 763 1180 33
806 1114 1017 1195 sqq.);
1081 1119 1169 1177 sic
1229 1120 1407 1178 etiam
1465 1118 1582 1176 alii
1637 1117 1785 1175 aliis
1842 1118 1969 1177 Cic.
2014 1117 2129 1175 off.
2173 1111 2222 1190 I,
2267 1115 2367 1175 17.
2420 1115 2526 1175 53.
2591 1110 2673 1188 II,

579 1222 682 1296 18,’
724 1220 825 1280 64.
871 1221 953 1278 ib.
997 1221 1222 1294 Beier„
1269 1221 1467 1278 rarius
1512 1219 1794 1280 omnibus
1837 1221 2042 1277 omnia
2085 1217 2213 1276 Cic.
2257 1219 2429 1277 Verr.
2471 1212 2521 1290 I,
2564 1214 2672 1275 49.

572 1325 719 1382 aliis
763 1321 944 1380 aliud
981 1321 1159 1381 Brut.
1211 1319 1313 1394 22,
1359 1318 1462 1377 87.
1548 1320 1817 1397 Republ.
1859 1315 1922 1393 I,
1970 1320 2110 1393 32.,
2172 1320 2249 1380 de
2296 1337 2418 1394 qua
2462 1319 2674 1376 inver-

572 1427 742 1484 sione
800 1423 900 1482 vd.
949 1421 1247 1481 Goerenz.
1294 1420 1356 1477 in
1397 1421 1573 1481 Iahn.
1604 1406 1837 1480 'AnuaL
1889 1417 2073 1481 1826.
2113 1415 2178 1495 I,
2221 1439 2284 1498 p.
2339 1418 2442 1479 43.
2524 1419 2674 1478 Mu-

567 1530 827 1587 tavimus
871 1544 906 1584 e
951 1522 1130 1582 codd.
1192 1539 1435 1598 quoque
1495 1516 1606 1595 11‚-
1647 1521 1706 1582 2.
1750 1541 1813 1599 p.
1861 1522 1965 1583 21.
2012 1524 2107 1598 4.,
2166 1524 2437 1599 quamvis
2494 1519 2670 1599 vulg.

566 1630 750 1688 lectio
793 1636 907 1686 tua
949 1627 1066 1686 tibi
1103 1623 1352 1684 defendi
1394 1621 1608 1698 possit.
1653 1651 1738 1664 —-
1839 1643 1902 1702 p.
1951 1624 2069 1700 20,
2118 1625 2223 1685 27.
2266 1626 2466 1699 inpat.
2508 1629 2668 1680 sort.

565 1724 901 1806 exameta]
959 1727 1055 1786 De
1098 1725 1427 1802 ponomine
1471 1731 1583 1782 tua
1635 1724 1897 1800 omisso,
1938 1727 2038 1786 vd.
2084 1726 2164 1786 ad
2204 1720 2294 1800 11,
2339 1724 2436 1796 3.;
2496 1724 2670 1782 iutu-

564 1850 702 1891 rum
762 1848 945 1907 vero,
1009 1826 1176 1904 quod
1234 1826 1411 1886 valde
1475 1825 1750 1901 offendit,
1799 1829 1999 1885 ortum
2047 1830 2142 1886 est
2185 1847 2257 1887 ex
2298 1824 2669 1902 compendio

562 1917 1002 2004 exacerbabis,
1048 1948 1239 2007 quare
1289 1931 1562 2007 corrigas
1608 1928 2112 1988 emanet-baveris.
2157 1959 2242 1971 -—-

730 2054 792 2111 p.
839 2032 941 2091 21.
987 2031 1045 2091 2.
1090 2025 1505 2107 inpellerent]
1544 2029 1739 2103 Bene,
1782 2026 2146 2105 plerumque
2178 2029 2339 2087 enim
2372 2028 2440 2085 in
2473 2027 2666 2086 verbo

551 2137 751 2212 flatus
808 2132 1037 2212 plurali
1101 2149 1356 2191 numero
1413 2129 1638 2188 Boeth.
1697 2130 1891 2188 utitur
1954 2129 2033 2187 cf.
2092 2124 2141 2188 I.
2213 2148 2401 2190 carm.
2465 2128 2543 2202 2,
2600 2126 2665 2185 4.

556 2231 636 2297 11.
684 2255 871 2296 carm.
918 2236 998 2310 2,
1045 2232 1100 2296 1.
1147 2237 1301 2306 etc.‚
1346 2230 1446 2291 vd.
1492 2233 1673 2289 etiam
1713 2225 1777 2305 1,
1823 2228 1883 2289 3.
1926 2250 1989 2307 p.
2036 2228 2098 2304 6,
2142 2229 2278 2305 23.;
2330 2248 2665 2306 promove·

557 2339 725 2395 reris
783 2336 1086 2395 correctio
1143 2334 1534 2392 librariorum
1579 2335 1710 2407 est,
1770 2350 1925 2409 quos
1972 2333 2335 2410 scriptorem
2377 2351 2663 2410 pronom.

558 2453 998 2512 nonnunquam
1061 2435 1341 2494 omittere
1404 2434 1717 2513 fugiebat,
1787 2434 1867 2492 cf.
1926 2433 2045 2508 IV,
2115 2431 2176 2492 2.
2241 2452 2304 2511 p.
2372 2431 2492 2508 76,
2557 2433 2664 2497 11.

552 2535 807 2595 Ramsh.
854 2556 945 2616 gr.
986 2537 1094 2596 lat.
1145 2534 1285 2597 168.
1330 2533 1469 2596 Not.
1520 2533 1616 2596 10.
1663 2553 1724 2612 p.
1771 2531 1917 2595 635.
1980 2534 2364 2616 Osenbriigg.
2410 2533 2492 2595 ad
2528 2534 2661 2597 Cic.

553 2651 670 2710 pro
711 2635 843 2694 Mil.
892 2636 1081 2711 XIX,
1127 2638 1229 2698 52.
1296 2639 1511 2698 Pabst.
1558 2637 1639 2697 ad
1678 2637 1895 2716 Eclog.
1941 2638 2137 2696 Tacit.
2183 2655 2247 2714 p.
2294 2635 2443 2698 316.
2486 2668 2574 2683 --

723 2736 924 2797 Carm.
969 2734 1017 2813 1,
1065 2739 1125 2798 2.
1173 2736 1461 2817 exaesa]
1532 2738 1713 2814 Quod
1758 2738 2045 2816 apodosis
2106 2758 2248 2799 cum
2289 2740 2410 2800 hoc
2467 2740 2661 2801 verbo

550 2838 802 2914 incipit,
863 2846 928 2897 et
993 2848 1150 2899 aest.
1209 2840 1358 2899 ferri
1411 2841 1659 2914 nequit:
1723 2838 1800 2898 de
1856 2842 2044 2900 verbo
2104 2843 2239 2916 ipso
2298 2839 2400 2902 vd.
2456 2842 2661 2917 intpp.

549 2937 630 2997 ad
674 2940 782 2999 Ov.
827 2942 974 3000 Met.
1023 2940 1140 3013 VI,
1185 2938 1330 3002 623.
1394 2942 1586 3015 XIII,
1635 2940 1779 3000 559.
1826 2938 1971 3000 867.
2057 2943 2244 3000 Trist.
2290 2942 2380 3013 V,
2449 2937 2506 3014 1,
2550 2937 2659 3001 63.

546 3041 704 3102 Stat.
754 3042 947 3101 Theb.
996 3043 1123 3116 XI,
1172 3041 1318 3115 297,
1357 3046 1419 3100 et
1451 3045 1582 3102 sine
1634 3043 1819 3101 dubio
1858 3042 2305 3100 restituendum
2337 3044 2435 3100 est
2477 3060 2513 3100 e
2556 3040 2662 3102 cd.

542 3139 707 3199 Flor.
772 3140 968 3201 Lucil.
1035 3144 1218 3203 Aetn.
1290 3141 1429 3203 181.
1499 3147 1873 3221 penitusque
1940 3151 2276 3203 exaestuat
2332 3144 2523 3204 ultra.
2566 3173 2661 3187 --

543 3257 600 3298 v.
647 3240 705 3299 5.
771 3238 929 3319 aut]
989 3245 1102 3305 Vd.
1162 3244 1366 3303 Hand.
1433 3245 1615 3303 TurS.
1662 3239 1730 3318 I,
1774 3263 1837 3321 p.
1901 3244 2046 3304 545.
2122 3246 2352 3325 Wagn.
2398 3247 2658 3321 Quaest.

541 3341 708 3420 Virg.
746 3342 1030 3419 XXXVI,
1079 3343 1178 3403 11.
1240 3345 1415 3403 Iahn.
1463 3344 1544 3403 ad
1584 3346 1741 3405 Aen.
1788 3339 1887 3418 ΙΙΙ,
1932 3342 2034 3403 43.
2080 3343 2209 3420 (ed.
2256 3343 2348 3425 2.)
2403 3348 2655 3428 Forbig.

543 3442 622 3501 ad
663 3443 819 3503 Aen.
864 3444 985 3519 IV,
1034 3442 1181 3505 399.
1266 3445 1666 3508 Fikenscher.
1724 3448 1788 3505 in
1846 3443 2009 3522 Allg.
2071 3446 2407 3512 Schulzeit.
2468 3449 2659 3514 1829.

539 3538 615 3605 11.
658 3544 731 3605 N.
779 3543 882 3607 82.
969 3546 1178 3605 Haase
1239 3546 1316 3604 ad
1374 3548 1608 3627 Reisig.
1671 3566 1762 3627 gr.
1825 3546 1931 3605 lat.
1991 3564 2054 3622 p.
2118 3544 2265 3607 420.
2350 3549 2658 3612 Planud.=

537 3639 627 3716 ἥδ’
687 3642 794 3703 οὐκ
856 3644 1201 3721 ἐπιστρέφεέ
1265 3642 1386 3705 οὐδ’
1454 3644 1646 3705 ἀκούει
1680 3647 1966 3720 δυστήνων
2021 3646 2296 3720 θρήνους.
2326 3682 2400 3696 -·-
2480 3671 2536 3714 v.
2584 3651 2655 3713 8.

538 3744 753 3825 Suisq.
814 3747 1061 3828 magra]
1121 3750 1335 3810 Barth.
1380 3747 1535 3806 Λᾶν.
1594 3749 1788 3809 XVII.
1844 3746 1942 3807 13.
2027 3749 2429 3831 qunumque
2486 3755 2654 3829 risu,

534 3845 782 3906 Askew.
827 3850 890 3907 in
936 3850 1186 3926 specim.
1232 3868 1424 3909 novae
1469 3848 1612 3908 edit.
1659 3848 1948 3925 Aeschyli
1992 3849 2223 3931 (Lugd.
2251 3852 2392 3914 But.
2436 3852 2653 3931 1746„

531 3947 632 4009 vd.
691 3947 1099 4029 Hagenbuch.
1162 3950 1237 4010 de
1301 3950 1575 4026 diptych.
1635 3950 1798 4010 Brix.
1858 3969 1922 4027 p.
1983 3950 2121 4030 51.)
2223 3956 2657 4037 Magnumque

532 4050 756 4122 seclis,
817 4053 882 4108 et
941 4049 1041 4110 alii
1104 4050 1224 4110 alia
1283 4054 1702 4112 coniecerunt.
1790 4052 2002 4131 Suisq.
2063 4073 2266 4134 mayn.
2328 4058 2533 4133 edidi,
2573 4064 2656 4120 ut

530 4155 727 4210 metro
792 4152 1209 4212 satisfacerem
1229 4192 1249 4225 ,
1312 4157 1487 4214 estne
1551 4158 1755 4215 autem
1796 4155 2222 4234 Magnumque
2279 4160 2494 4218 stultis
2552 4158 2652 4219 le-

529 4254 794 4330 gendum
817 4251 848 4315 ’ἔ
948 4253 1260 4313 Planud.=
1322 4253 1609 4327 ’ὑπέρμεγα
1664 4253 1953 4328 σφετέροις
2007 4277 2068 4313 τε
2125 4254 2333 4336 (male
2396 4259 2648 4322 Weber.

526 4354 801 4425 σφέτερόν
832 4355 915 4424 τε)
955 4356 1147 4422 φαίνει
1207 4354 1374 4424 τέρας
1414 4356 1533 4415 etc.
