2867 5125
570 452 760 503 xxxvi
1261 431 1967 500 Puonnoou.

581 606 772 676 deum
828 603 1281 689 spectantibus
1324 601 1604 670 locutus
1629 609 1829 670 esset.
1915 598 2111 677 Quod
2165 599 2427 686 quidem
2465 600 2662 687 intpp.

585 716 835 802 aliquot
878 725 1246 795 senserunt,
1282 714 1411 780 sed
1454 713 1763 800 quoniam
1802 711 2152 779 Boethium
2194 710 2522 778 ecclesiae
2563 732 2668 777 ca-
2743 779 2748 780 ff

585 826 874 896 tholica'e
926 826 1241 914 martyrio
1260 891 1263 896 ,
1285 827 1540 912 eripere
1585 824 1966 890 dubitabant
1983 870 2004 903 ,
2045 824 2252 889 libros
2292 822 2376 888 de
2423 820 2665 890 consol.

586 934 1061 1023 Philosophiae
1104 946 1214 1004 aut
1255 937 1465 1002 eid'em
1523 934 1907 1019 suppositos
1926 934 2035 1017 ³⁴)
2078 945 2192 1000 aut
2235 953 2368 1000 non
2410 934 2500 1000 ad
2539 955 2669 998 um-

583 1049 853 1118 bilicum
893 1048 1249 1133 perductos
1271 1048 1381 1133 ³⁵)
1425 1058 1538 1114 aut
1586 1042 2077 1130 Philosophiam
2121 1044 2228 1110 dei
2268 1044 2470 1111 filium
2520 1043 2673 1110 alle·

592 1161 817 1245 gorice
877 1158 1428 1244 interpretandam
1456 1159 1563 1240 ³⁶)
1620 1157 2089 1224 iudicaverunt.
2188 1155 2449 1242 Religio
2519 1175 2677 1222 sane
2705 1207 2722 1226 t
2837 1183 2838 1232 ς

589 1265 1025 1336 immortalem
1067 1290 1220 1336 esse
1260 1267 1545 1334 animum
1590 1277 1656 1332 et
1698 1277 1949 1333 corona
1978 1265 2286 1353 martyris
2330 1288 2514 1351 eum,
2573 1266 2678 1352 qui

591 1380 912 1447 immerito
970 1381 1268 1446 iniuriam
1311 1388 1491 1445 esset
1532 1398 1807 1464 passm,
1872 1379 2173 1444 coronari
2207 1379 2561 1463 docuisset,
2601 1378 2680 1443 de

590 1491 1125 1560 reconciliatione
1156 1490 1491 1557 hominum
1523 1507 1673 1554 cum
1716 1487 1863 1575 deo,
1897 1491 1983 1555 de
2024 1488 2540 1556 sanctificatione
2567 1487 2679 1555 ho·

587 1604 785 1669 minis
842 1600 1253 1668 reconciliati
1307 1598 1514 1667 verba
1555 1599 1865 1680 fecisset,
1923 1601 2044 1666 sed
2088 1599 2352 1667 Boethii
2395 1600 2681 1687 philoso-

591 1713 753 1802 phia
795 1750 880 1762 —
925 1712 1080 1799 quid
1124 1712 1211 1777 sit
1253 1732 1554 1777 summum
1599 1710 1852 1796 bonum,
1885 1713 2190 1797 ostendit,
2227 1724 2293 1778 et
2322 1723 2479 1778 ante
2512 1711 2685 1778 illam

591 1825 676 1889 de
721 1844 974 1889 summo
1022 1825 1199 1889 bono
1246 1823 1695 1909 quaestionem
1726 1824 2186 1889 instituendam
2213 1822 2519 1891 Platonis
2559 1823 2688 1889 ius-

592 1956 715 2008 su,
763 1957 898 2000 non
943 1911 1222 2017 Christi,
1289 1934 1479 1999 deum
1521 1932 1861 2036 implorat,
1920 1933 2149 2013 deum,
2194 1934 2304 2020 qui
2346 1935 2430 1999 ad
2477 1933 2690 2001 ideam

591 2047 750 2113 boni
797 2057 863 2112 et
904 2046 1115 2132 pulcri
1155 2047 1466 2112 mundum
1513 2047 1799 2125 creavit,
1844 2043 2073 2125 deum,
2136 2045 2247 2130 qui
2289 2055 2392 2109 est
2433 2044 2687 2130 pulcer-

593 2160 796 2223 rimus
839 2159 986 2243 ipse
1027 2192 1112 2207 ——-
1157 2168 1223 2222 et
1268 2178 1586 2224 summum
1617 2155 1778 2222 illud
1821 2158 2066 2223 bonum
2103 2155 2448 2221 nobiscum
2480 2156 2687 2222 nasci-

595 2284 723 2346 tur,
770 2265 871 2334 est
911 2270 1082 2333 idem
1129 2268 1304 2354 quod
1349 2270 1540 2347 deuS,
1603 2279 1670 2333 et
1714 2268 2021 2354 quoniam
2069 2270 2301 2333 summi
2343 2269 2505 2334 boni
2546 2289 2689 2354 par-

596 2381 834 2464 ticipes
875 2385 1125 2457 s'umuS‚
1156 2400 1282 2444 nos
1311 2399 1542 2445 omnes
1587 2377 1705 2443 dii
1743 2399 1894 2444 csse
1921 2377 2256 2445 habemur.
2324 2360 2499 2445 Num
2534 2380 2692 2445 haec

599 2501 668 2555 et
706 2488 866 2553 talia
911 2488 1106 2555 homo
1149 2509 1307 2554 vere
1353 2487 1752 2579 christianus
1803 2488 1983 2555 haud
2025 2489 2293 2555 multum
2335 2502 2489 2557 ante
2531 2512 2689 2557 mor-

599 2612 732 2665 tem
762 2598 979 2686 eloqui
1022 2603 1235 2685 potuit
1269 2619 1352 2665 ac
1383 2596 1725 2686 profiteri?
1765 2600 1906 2666 Hoc
1940 2603 2165 2668 credat
2192 2602 2473 2670 Iudaeus
2501 2595 2692 2690 Apelss

601 2710 711 2777 la:
777 2722 1178 2797 quapropter
1218 2713 1300 2781 de
1342 2709 1608 2778 Boethii
1668 2712 2053 2798 paganismo
2114 2735 2247 2779 non
2305 2716 2692 2792 dubitamus,

604 2842 819 2907 neque
863 2823 1047 2906 prius
1091 2821 1388 2893 dubitare
1433 2822 1833 2904 desinemuS,
1878 2844 2075 2911 quam
2116 2823 2354 2911 aliquis
2397 2847 2526 2894 nos
2568 2847 2693 2893 me-

605 2929 774 2998 liora
817 2932 1134 2998 docuerit.

780 3067 1190 3141 'testimonia
1249 3030 1511 3139 illorum
1574 3070 1886 3138 librorum
1952 3070 2476 3159 theologicorum
2530 3070 2701 3163 apud

607 3167 919 3265 aequales
977 3179 1239 3247 Boethii
1296 3203 1430 3249 non
1484 3185 1759 3270 reperiri
1820 3203 2025 3270 supra
2065 3185 2199 3251 iam
2236 3186 2699 3252 indicavimus:

609 3291 863 3387 primus
903 3292 1016 3377 qui
1055 3313 1283 3363 eorum
1321 3291 1488 3361 facit
1528 3296 1944 3376 mentionem,
1988 3297 2164 3381 quod
2208 3297 2438 3376 sciam,
2483 3297 2702 3367 Azoui-

749 3505 844 3573 34)
891 3501 1173 3560 ίῦΊανεεαη.Δ
1195 3506 1250 3559 in
1279 3505 1449 3578 praes.
1481 3505 1551 3561 ad
1582 3506 1666 3561 ed.
1698 3504 2053 3564 Basa-1570.
2091 3506 2323 3574 librum,
2358 3510 2459 3581 qui
2493 3524 2533 3564 a
2561 3507 2704 3565 chri-

616 3596 807 3651 stiano
837 3596 1066 3671 leqatur
1099 3599 1337 3672 diynum
1371 3599 1624 3672 quidem,
1640 3600 1744 3656 sed
1775 3603 1875 3672 qui
1906 3600 1981 3656 ab
2013 3618 2079 3656 eo
2110 3604 2393 3674 scriptum
2419 3602 2708 3668 metiatur,

612 3689 914 3767 indi-quum
952 3698 1159 3751 censet.

747 3810 847 3879 35)
885 3806 1048 3864 Bert.
1083 3809 1254 3882 praef
1289 3826 1345 3882 p.
1375 3814 1464 3867 20
1498 3809 1584 3864 cd.
1615 3807 1940 3883 Lips.1753.
2010 3810 2271 3869 Richter.
2300 3809 2339 3866 1.
2358 3811 2393 3866 1.
2430 3830 2485 3884 p.
2513 3808 2709 3867 XXX!

752 3928 875 3993 86)
898 3924 1189 3994 Gen-vais„
1226 3927 1314 3982 vd.
1348 3925 1663 3985 Schro'ckh
1707 3929 1835 3985 hiat.
1883 3929 2074 3985 eccles.
2127 3929 2279 3984 Tom.
2322 3929 2716 4002 xv1.p.118·

623 4016 1028 4091 Weinqlirtner
1061 4020 1141 4088 (iu
1170 3967 1412 4074 version.
1451 4036 1615 4091 germ.
1655 4021 1792 4081 Linz
1833 4027 2010 4091 1827.)
2060 4040 2180 4077 cum
2223 4022 2553 4079 ethnicorum
2602 4021 2710 4094 phi·

613 4112 967 4184 Iosophorum
1008 4114 1278 4171 doctrinas
1318 4113 1376 4166 in
1416 4111 1503 4167 his
1546 4115 1665 4175 libr.
1710 4117 1937 4173 inveniri
1980 4116 2205 4180 viderit,
2269 4115 2422 4170 locos
2467 4135 2498 4171 e
2544 4114 2710 4170 bibliis

612 4207 777 4259 sacris
816 4217 1100 4279 excerptos
1136 4204 1371 4269 addidit,
1421 4223 1585 4275 quare
1630 4209 1769 4266 bene
1806 4211 1986 4283 Kruy.
2034 4209 2227 4279 (lexic.
2276 4209 2469 4279 philos-
2499 4225 2546 4262 ι.
2583 4207 2711 4272 B.)=

611 4314 749 4351 man
774 4299 958 4370 findet
1007 4297 1260 4353 daselbst
1298 4298 1493 4370 yleiclz
1534 4299 1665 4371 θεῖε
1698 4305 1819 4361 und
1852 4302 2159 4378 Geqenyz'ft
2206 4317 2554 4359 zusammen.
2623 4297 2710 4354 De

598 4407 804 4446 summo
838 4393 985 4449 bono
1019 4394 1111 4449 vd.
1130 4391 1222 4457 111,
1255 4397 1305 4448 9.
1352 4401 1406 4448 et
1446 4408 1504 4462 p.
1536 4392 1709 4452 XLn.
