2867 5125
919 435 1682 511 AELIBR.V.'
2180 443 2304 515 155

204 621 285 691 II,
334 619 392 692 7,
446 617 573 688 18.)
621 615 898 677 Oudend.
943 613 1055 693 (ad
1100 615 1272 677 Suet.
1322 616 1458 675 Tib.
1492 610 1630 695 39.)
1673 613 1973 698 Heusing.
2021 619 2135 697 (ad
2172 620 2301 682 Cic.

207 723 284 781 de
330 722 447 780 Off.
480 721 533 793 1,
570 718 671 792 29,
711 717 881 793 103.)
925 718 1177 783 Possm,
1223 712 1337 796 (ad
1381 719 1529 781 Tae.
1576 718 1787 779 Germ.
1819 720 1898 794 X,
1938 718 2027 801 1,)
2072 723 2304 798 (locuit,

208 826 270 881 in
315 841 437 897 qua
482 841 550 880 re
599 821 1044 887 adsentientem
1099 820 1286 883 habet
1326 820 1589 905 Madvig.
1638 821 1716 879 ad
1760 822 1887 886 Cic.
1931 824 2009 883 de
2050 825 2185 885 Fin.
2231 828 2303 900 V,

212 923 273 982 2.
318 943 380 998 Ρ.
421 920 564 981 673.
657 922 1004 1003 Scriptores
1069 926 1209 982 ante
1266 942 1390 983 sec.
1421 920 1529 985 IV.
1588 943 1651 1001 Ρ.
1718 925 1860 984 Chr.
1925 945 1986 993 n.
2046 947 2121 988 ea
2178 949 2303 990 non

209 1028 306 1084 usi
354 1028 533 1099 sunt3
602 1026 666 1082 et
707 1042 851 1082 uum
897 1041 996 1098 ap.
1039 1024 1319 1088 Lactant.
1365 1026 1644 1106 legatur,
1692 1028 2028 1103 quaeritur,
2071 1049 2211 1092 nam
2248 1031 2301 1107 1,

208 1128 271 1199 2,
321 1125 376 1185 1.
434 1127 505 1199 V,
551 1124 653 1199 20,
702 1123 801 1190 14.
863 1125 998 1197 VII,
1048 1125 1106 1194 9.
1153 1126 1212 1189 6.
1259 1130 1323 1187 in
1378 1133 1527 1193 vett.
1576 1129 1714 1188 edd.
1777 1133 1839 1188 et
1894 1149 2059 1191 recc.
2121 1134 2299 1194 codd.

209 1247 343 1287 eam
389 1229 645 1303 reperiri
690 1230 887 1305 intpp.
931 1228 1203 1305 tradunt,
1249 1231 1358 1291 sed
1404 1231 1480 1291 de
1527 1233 1791 1307 antiquis
1838 1236 2065 1302 tacent.
2108 1236 2301 1298 Prae-

208 1336 303 1397 ter
345 1331 564 1390 Boeth.
610 1351 734 1390 nou
784 1332 1036 1395 dubium
1083 1335 1195 1405 est,
1258 1336 1403 1408 quin
1447 1334 1674 1412 Hygin.
1720 1333 1918 1409 (Astr.
1960 1342 2129 1414 poet.
2159 1342 2297 1402 XX.

211 1436 291 1491 ib.
340 1433 696 1515 Muncker.)
742 1454 877 1495 eam
918 1439 1424 1512 usurpaverit.-
1470 1437 1549 1496 ib.
1586 1435 1687 1496 30.
1734 1458 1808 1498 eo
1849 1435 2001 1520 Ioci]
2047 1441 2141 1501 De
2183 1443 2303 1502 hac

209 1541 669 1607 constructione
728 1537 807 1601 cf.
852 1537 1042 1600 HaaS.
1108 1540 1169 1601 in
1212 1538 1380 1598 Diar.
1425 1539 1773 1601 Darmstad.
1811 1540 1992 1602 1838.
2038 1563 2102 1620 Ρ.
2157 1542 2301 1606 268.

210 1648 273 1705 ct
317 1643 545 1702 Osanni
590 1642 798 1702 adnot.
845 1643 980 1704 crit.
1026 1642 1088 1698 in
1121 1642 1409 1718 Quinctil,
1455 1644 1607 1701 Inst·
1628 1644 1707 1703 X.
1753 1648 1913 1721 part.
1929 1644 2013 1706 Π.
2058 1664 2121 1721 Ρ.
2142 1642 2302 1705 6.-

209 1765 270 1823 p.
313 1744 414 1819 99,
465 1746 522 1812 4.
570 1739 717 1824 quo]
764 1740 951 1800 Haud
995 1741 1296 1807 dissimilis
1343 1743 1471 1811 Cic.
1516 1746 1647 1805 Cat.
1697 1749 1837 1807 mai.
1875 1746 2011 1820 VH,
2065 1745 2167 1805 21.

379 1847 528 1924 Cap.
564 1847 649 1907 H.
692 1864 754 1922 p.
793 1841 936 1917 100,
986 1842 1038 1903 1.
1087 1846 1152 1907 in
1194 1842 1396 1924 ipsis]
1457 1849 1523 1907 Si
1581 1850 1728 1926 quid
1783 1849 2142 1915 mutandum
2202 1851 2295 1911 le-

207 1969 353 2029 gas=
420 1954 644 2030 quibu-s·
702 1952 866 2006 inest
921 1953 1044 2004 rat.
1090 1950 1154 2006 in
1199 1951 1358 2022 ipsis
1400 1953 1565 2010 inest
1609 1961 1693 2011 et.
1731 1983 1815 1997 —
1873 1955 1952 2012 ib.
1998 1951 2097 2015 18.
2141 1951 2301 2010 πάντ’

208 2050 390 2126 ἐφορᾷ
436 2052 532 2107 καὶ
580 2072 638 2107 π.
692 2045 808 2126 ἐτι]
857 2047 1036 2123 Quod
1083 2051 1348 2126 scriptor
1391 2071 1844 2131 nonnumquam
1889 2075 2104 2119 versus
2150 2074 2305 2139 poe-

207 2155 405 2208 tarum
448 2153 595 2213 vett.
654 2153 914 2209 orationi
975 2171 1122 2211 suae
1182 2151 1577 2231 adaequavit,
1640 2159 1903 2218 fortasse
1963 2159 2302 2219 secundum

212 2251 392 2310 codd.
411 2254 667 2332 vestigia
685 2256 910 2332 corrigi
935 2242 1176 2330 potest:
1222 2252 1385 2311 πάντ’
1423 2255 1649 2330 ἐφορῶν
1680 2262 1775 2316 καὶ
1809 2259 1970 2319 πάντ’
1990 2260 2300 2325 ἐπακούων.

211 2355 308 2414 Cf.
339 2351 427 2428 H,
475 2356 535 2414 2.
584 2375 644 2437 p.
677 2357 779 2432 22,
828 2356 927 2416 29.
974 2359 1054 2416 ib.
1096 2356 1231 2426 Not.
1269 2387 1353 2399 --

377 2457 527 2534 Cap.
569 2455 686 2520 III.
753 2481 815 2538 p.
860 2459 1000 2534 101,
1043 2459 1140 2520 12.
1201 2460 1364 2521 Nam
1424 2463 1487 2520 si
1528 2455 1858 2540 aliorsum]
1918 2462 2111 2526 Recc.
2157 2463 2296 2523 edd.

208 2566 509 2639 quotquot
551 2565 784 2641 inspexi
828 2581 1038 2624 omnes
1085 2585 1192 2623 res
1247 2564 1561 2634 inserunt,
1610 2560 1808 2639 male3
1866 2567 1964 2628 vd.
2003 2568 2089 2642 ΙΙ,
2131 2566 2190 2628 6.
2237 2588 2300 2645 p.

209 2664 313 2739 33,
362 2662 481 2740 10.,
531 2685 668 2725 nam
715 2669 1090 2730 constructio
1139 2671 1267 2726 estt
1329 2667 1408 2728 Si
1458 2664 1638 2742 facta
1710 2671 1974 2729 consilia
2013 2672 2298 2730 volunta-

206 2776 425 2845 tesque
483 2771 672 2830 aliter
725 2776 1017 2832 eveniunt
1071 2787 1150 2826 ac
1190 2770 1488 2845 provisae
1530 2777 1679 2829 sunt
1722 2778 1839 2829 etc.
1930 2773 2135 2848 Quare
2179 2791 2303 2831 non

208 2874 303 2938 est
348 2872 514 2947 quod
551 2875 809 2946 provisa
855 2890 993 2930 cum
1024 2871 1207 2931 Wolf.
1253 2873 1505 2931 scribaS.
1594 2872 1921 2937 Nobiscum
1964 2873 2171 2933 facere
2214 2875 2302 2932 vi-

209 2976 389 3035 detur
427 2975 650 3038 Noun:
719 2976 877 3051 Mdy
928 2970 1031 3032 -iro
1077 2974 1300 3036 ᾱεήέίη
1356 2975 1559 3050 υυάη9
1603 2975 1874 3033 υυένᾱεη
1919 2994 1993 3034 so
2034 2994 2115 3035 ne
2159 2976 2304 3055 mdy

208 3081 267 3143 iz
308 3078 479 3137 nicht
537 3078 779 3153 quis-siu
834 3075 1203 3134 vvizentheit
1247 3081 1367 3132 etc.
1455 3075 1721 3136 Verbum
1767 3077 1866 3132 rei
1910 3076 2102 3160 etiam·
2138 3077 2300 3136 infra

207 3201 271 3256 p.
323 3179 478 3253 102,
526 3177 627 3246 24.
674 3176 901 3249 delevi,
946 3177 1052 3235 ubi
1099 3177 1355 3245 subiect.
1404 3179 1589 3253 quid,
1635 3197 1670 3236 e
1715 3196 1837 3252 quo
1884 3179 1957 3237 id
1996 3177 2075 3237 ad
2116 3180 2303 3239 verba

207 3304 351 3343 sese
391 3283 534 3340 hab.
577 3278 1007 3357 supplendum.
1097 3280 1384 3339 Ceterum
1425 3296 1483 3338 v.
1517 3276 1620 3341 26.
1663 3286 1728 3339 at
1773 3300 1890 3339 nos
1925 3297 2131 3340 veram
2166 3300 2304 3340 esse

208 3386 573 3460 scripturam
614 3382 734 3440 loci
778 3383 1082 3452 sententia
1127 3383 1446 3461 arguit.—-
1487 3400 1550 3458 Ρ.
1591 3380 1734 3455 102,
1782 3381 1842 3449 2.
1886 3402 1923 3440 e
1968 3378 2302 3463 converso]

206 3487 385 3572 Hanc
427 3504 639 3545 vocem
680 3503 797 3561 pro
842 3505 878 3544 e
921 3488 1236 3550 contrario
1293 3504 1419 3545 non
1475 3502 1610 3542 esse
1669 3483 1957 3557 latinam,
2021 3487 2159 3560 quis
2207 3491 2304 3546 est

209 3590 313 3663 qui
358 3589 624 3660 nesciat,
684 3606 828 3654 num
887 3589 1074 3646 tribui
1133 3590 1316 3663 queat
1358 3586 1460 3644 hic
1501 3585 1720 3650 Boeth.
1771 3586 1992 3648 dubius
2036 3585 2300 3646 haereo:

211 3711 349 3750 nam
396 3693 681 3766 antiquae
746 3691 883 3750 edd.
929 3691 1193 3767 optimae
1237 3709 1274 3746 e
1320 3695 1514 3747 contr.
1563 3688 1865 3761 offerunt,
1925 3690 2058 3747 tum
2121 3690 2302 3750 facile

211 3814 244 3853 e
291 3793 698 3872 dittographia
745 3793 987 3862 litterae
1030 3812 1066 3850 e
1112 3790 1175 3848 in
1218 3796 1406 3868 atque
1456 3794 1520 3848 et
1560 3792 1727 3849 verbi
1772 3808 2001 3854 rursus
2033 3788 2133 3867 (z
2153 3808 2304 3854 orus

208 3894 306 3969 vd.
352 3893 428 3952 de
470 3907 505 3947 ο
549 3913 616 3945 =
661 3915 810 3969 con,
857 3913 995 3954 cum
1039 3912 1101 3970 p.
1140 3889 1328 3956 152.)
1388 3894 1524 3950 orta
1568 3909 1704 3953 csse
1750 3894 1988 3966 potest,
2057 3910 2181 3969 qua
2225 3894 2302 3954 de

209 4016 430 4058 caussa
473 4015 612 4055 cum
657 3999 997 4074 obsequens
1040 4014 1269 4054 rursus
1313 3993 1728 4058 necessarium
1775 4012 1898 4055 non
1942 3995 2044 4068 sit,
2123 3999 2302 4055 omit-

209 4108 340 4163 tere
385 4099 566 4160 malo.
598 4132 684 4141 —-
727 4101 808 4158 ib.
847 4097 943 4158 10.
983 4094 1188 4180 patet]
1234 4099 1432 4178 Vulgo
1475 4104 1741 4172 oportet.
1805 4097 2125 4170 ,Perverse
2170 4118 2304 4158 mu-

209 4208 438 4278 tatum,
501 4219 638 4260 cum
696 4200 757 4257 in
818 4200 1097 4260 omnibus
1160 4203 1403 4279 scriptis
1469 4208 1589 4260 rat.
1634 4209 1813 4276 patet
1867 4201 1907 4259 i.
1957 4219 2011 4258 e.
2072 4203 2303 4278 liquet:

211 4304 671 4378 Hellenismu5.‘
761 4304 955 4363 Rern.
1004 4303 1116 4362 Vd.
1161 4306 1283 4365 Cic.
1335 4306 1523 4364 Tusc.
1563 4302 1615 4376 1,
1663 4303 1763 4363 22.
1811 4305 2056 4379 Quinct.
2089 4305 2199 4377 XI,
2240 4302 2300 4377 3,

211 4406 311 4468 66.
351 4437 436 4449 --
500 4426 559 4482 p.
600 4402 761 4478 103,
807 4403 907 4463 24.
975 4401 1147 4485 Quo]
1209 4406 1300 4466 Cf.
1351 4406 1489 4466 Not.
1537 4406 1615 4467 ad
1657 4407 1753 4480 ΙΙ,
1816 4404 1874 4464 4.
1932 4427 1996 4484 p.
2033 4404 2150 4480 26,
2199 4405 2299 4465 25.
