2867 5125
514 386 640 452 134
1056 379 2110 449 Anno-rsr1ouss

521 559 861 621 structione
903 556 1004 617 vd.
1047 556 1255 619 Plaut.
1314 558 1535 634 Amph.
1581 553 1637 631 Ι,
1686 555 1742 633 1,
1789 556 1891 618 94.
1954 557 2115 618 Gen.
2158 555 2231 616 N.
2278 558 2351 618 A.
2396 558 2470 631 V,
2522 559 2626 618 14.

521 681 775 739 specum
820 662 1149 738 quamdam
1192 668 1419 719 nactus
1465 664 1531 719 in
1577 679 1715 719 eam
1759 681 1857 721 me
1898 669 2163 736 penetro
2204 669 2270 719 et
2310 664 2590 721 recondo
2603 685 2631 739 ‚-

520 765 735 825 Barth.
780 763 1037 822 Advers.
1082 761 1222 835 XX,
1275 760 1372 821 14.
1416 764 1709 822 Similiter
1751 784 1898 824 sese
1941 784 2262 841 emergere
2309 763 2457 822 dixit
2493 765 2628 823 Cic.

525 869 799 942 Hernsp.
844 881 1009 938 resp.
1058 860 1160 920 25.
1205 893 1291 904 —-
1368 884 1431 942 p.
1481 865 1583 937 24,
1632 865 1691 925 7.
1757 886 2047 926 summor.
2091 861 2252 942 vira]
2331 865 2628 925 Fortasse

524 968 694 1029 Festi
740 971 803 1026 et
848 965 1215 1039 Symmachi,
1260 962 1359 1026 vu,
1404 967 1757 1045 Prolegom.
1793 986 1932 1043 cap.
1975 961 2027 1026 I.
2074 969 2215 1026 Mox
2261 969 2475 1023 soceri
2512 985 2631 1041 pa-

527 1071 734 1135 rentes
777 1068 1171 1126 Rusticianus
1218 1068 1396 1142 sunt,
1442 1068 1519 1127 el.
1566 1071 1731 1147 Virg.
1775 1068 1931 1127 Aen.
1973 1062 2059 1141 II,
2109 1065 2252 1124 457.
2304 1066 2387 1122 ibi
2432 1067 2630 1140 Serv„

528 1171 735 1231 Iacob.
797 1171 1048 1244 Quaest.
1109 1170 1264 1245 epis.
1332 1189 1394 1245 p.
1459 1169 1560 1229 40.
1623 1174 1686 1230 et
1744 1170 1988 1243 Disput.
2051 1169 2127 1227 de
2186 1186 2302 1226 usu
2368 1169 2634 1244 pluralis

534 1292 699 1333 num.
742 1269 948 1349 (Port.
993 1290 1198 1349 gymn.
1246 1288 1457 1347 propr.
1495 1266 1711 1350 1841.)
1756 1289 1816 1347 Ρ.
1856 1267 1958 1329 28.
1989 1266 2089 1327 41.
2135 1270 2335 1350 Vulgo
2378 1272 2638 1334 Festum

536 1379 598 1436 et
639 1375 869 1448 Symm.
913 1371 1148 1448 Elpidis
1197 1376 1260 1431 et
1291 1374 1532 1433 Rustic.
1578 1376 1787 1451 patres
1833 1370 2285 1445 intellexerunt,
2340 1375 2438 1433 vd.
2471 1375 2638 1435 Pro-

533 1479 655 1558 leg.
700 1507 786 1522 -·
864 1493 926 1551 Ρ.
973 1473 1075 1548 24,
1128 1472 1227 1536 14.
1274 1483 1667 1550 sumptas...
1714 1470 1925 1551 dign-J
1982 1473 2404 1547 Patrieietum,
2449 1494 2642 1550 quem

538 1585 690 1640 tune
734 1595 1022 1656 magnum
1065 1578 1405 1653 praemium
1450 1575 1640 1634 fnisse
1685 1574 1868 1633 docet
1912 1572 2082 1632 Cass.
2124 1577 2269 1637 Ver.
2313 1572 2368 1649 Ι,
2414 1576 2474 1637 3.
2515 1573 2643 1654 ΠΙ,

540 1681 620 1758 4.,
667 1685 732 1741 et
774 1678 1177 1739 Consulatum
1220 1677 1542 1757 intellegit.
1574 1705 1664 1718 —-
1721 1693 1782 1751 p.
1828 1673 1932 1748 24,
1981 1673 2079 1735 16.
2125 1676 2205 1737 Si
2246 1682 2391 1756 quis·
2431 1679 2646 1761 enim]

539 1782 1019 1845 Desiderabatur
1061 1779 1243 1860 vulgo
1289 1780 1641 1839 coniunctio
1678 1777 2007 1838 cnusselis:
2059 1776 2397 1839 emendabo
2430 1784 2647 1844 statim

542 1886 775 1947 comm.
821 1886 882 1944 in
930 1885 1087 1959 Top.
1133 1900 1194 1959 p.
1245 1879 1388 1940 762.
1434 1883 1540 1941 ubi
1597 1884 1660 1942 si
1714 1884 1876 1940 euim
1921 1885 2063 1958 quis
2122 1883 2474 1941 diiudicare
2529 1904 2649 1945 ne-

543 1990 830 2049 cessaria
873 1989 1056 2056 sciat,
1100 1999 1216 2058 pro
1264 1986 1326 2042 si
1361 1985 1502 2060 quis
1540 1985 1702 2041 enim
1746 1982 1905 2040 male
1949 1983 2243 2065 scriptum
2282 1986 2464 2043 extat.
2527 1986 2657 2044 Ce-

543 2079 741 2133 terum
774 2072 942 2149 apud
969 2069 1192 2128 Boeth.
1227 2086 1471 2144 semper
1507 2070 1646 2146 quis
1691 2074 1790 2126 est
1808 2070 1991 2140 enim,
2029 2071 2092 2126 et
2134 2071 2274 2146 quis
2306 2077 2406 2128 est
2450 2073 2656 2148 igitur

545 2192 857 2250 nunquam
940 2172 1081 2251 quis
1163 2188 1262 2227 en.
1323 2189 1378 2227 e.
1441 2173 1506 2230 et
1565 2174 1704 2249 quis·
1777 2172 1860 2247 2‘9·
1928 2175 2027 2228 est
2083 2168 2205 2247 legi
2264 2171 2655 2249 significabo,

547 2280 626 2338 cf.
669 2273 744 2349 ll,
795 2275 851 2335 1.
912 2293 974 2351 Ρ.
1026 2268 1129 2345 20,
1179 2269 1235 2332 1.
1278 2265 1365 2343 Π,
1408 2270 1468 2331 4.
1513 2289 1575 2348 Ρ.
1623 2270 1728 2344 27,
1777 2268 1833 2344 1,
1882 2272 2000 2329 etc.
2073 2270 2259 2347 Apud
2304 2272 2430 2331 Cio.
2477 2277 2660 2332 uter-

548 2398 667 2454 que
709 2376 1035 2436 verborum
1080 2374 1233 2434 ordo
1278 2373 1390 2434 sed
1432 2391 1618 2433 sensu
1664 2373 1904 2432 diverso
1948 2373 2270 2448 invenitur,
2313 2374 2412 2433 vd.
2443 2373 2659 2436 Klotz.

550 2480 630 2539 ad
676 2481 862 2538 Tusc.
891 2477 996 2549 lv,
1047 2476 1102 2548 1,
1152 2477 1245 2552 2.,
1293 2478 1373 2534 cf.
1422 2478 1607 2534 etiam
1655 2476 1862 2534 Otton.
1913 2475 1986 2533 sd
2034 2475 2167 2535 cat.
2214 2477 2352 2537 mai.
2397 2477 2661 2537 Exeurs.

547 2579 602 2644 I.
647 2599 710 2657 p.
759 2578 927 2652 2⁶22„
975 2578 1106 2637 eius
1150 2575 1289 2635 libri
1337 2595 1577 2638 censor.
1622 2580 1685 2636 in
1729 2577 2137 2636 Commentar.
2182 2578 2302 2640 litt.
2348 2579 2662 2655 Lipsiens.

557 2680 742 2743 1834.
783 2679 855 2741 N.
902 2679 1045 2737 237.
1092 2677 1298 2738 Hand.
1345 2680 1527 2739 Ture.
1570 2676 1660 2753 II,
1715 2699 1779 2758 p.
1828 2676 1971 2737 400.
2017 2681 2080 2737 et
2121 2679 2383 2759 Allgem.
2433 2681 2668 2739 Schul-

555 2784 690 2844 zeit.
755 2779 938 2841 1832.
998 2778 1070 2840 N.
1139 2777 1281 2839 109.
1340 2811 1425 2823 -
1497 2799 1560 2857 p.
1609 2779 1713 2854 24,
1783 2780 1881 2840 19.
1942 2799 2223 2842 cons-...-
2283 2778 2488 2859 lar9.]
2545 2782 2665 2842 Vd.

552 2885 893 2963 prolegom.
941 2899 1077 2957 cap.
1121 2875 1206 2954 1.‚
1253 2881 1413 2942 Gell.
1463 2878 1581 2957 ΙΙΙ,
1630 2882 1727 2942 18.
1787 2882 1958 2942 Cass.
1991 2883 2108 2956 v1,
2157 2882 2214 2943 1.
2256 2885 2319 2942 et
2352 2883 2429 2941 de
2472 2882 2667 2962 largi-

553 2990 722 3047 tione
767 2983 1089 3044 consulum
1134 2984 1198 3042 in
1245 2983 1497 3043 edendis
1548 2983 1709 3041 ludis
1764 2987 2022 3044 scenicis
2061 2988 2308 3063 Vopise.
2354 2982 2568 3043 Aurel.
2600 2980 2665 3042 6.

555 3088 737 3148 Dion.
804 3085 975 3147 Cass.
1024 3086 1145 3159 LV,
1203 3084 1298 3144 17.
1334 3116 1416 3126 —-
1521 3102 1585 3161 p.
1636 3081 1752 3156 24,
1806 3084 1907 3145 26.
1973 3107 2200 3148 munus
2269 3087 2437 3166 quod
2502 3080 2669 3163 etc-,J

558 3191 790 3267 ,Neque
851 3190 1011 3248 enim
1076 3189 1397 3264 quisquam
1446 3204 1648 3261 neque
1690 3187 1980 3265 princeps
2038 3191 2255 3250 eodem
2300 3207 2462 3249 anno
2510 3188 2669 3247 duos

558 3294 718 3354 filios
780 3291 953 3353 Coss,
1017 3294 1078 3350 et
1139 3291 1385 3368 quidem
1453 3306 1681 3364 pueros
1743 3289 1912 3350 vidit.
2015 3291 2331 3366 olybrium
2396 3295 2459 3351 et
2511 3291 2677 3350 Pro-

560 3398 792 3468 binum‚
835 3394 1025 3457 Probi
1069 3393 1247 3469 filios,
1292 3396 1354 3452 in
1400 3390 1731 3452 consulatu
1773 3391 2043 3472 collegas
2087 3395 2288 3456 Roma
2332 3393 2507 3454 Coss.
2526 3391 2675 3456 395.

566 3497 908 3574 spectavit,
955 3496 1064 3555 sed
1108 3496 1228 3552 iam
1270 3494 1479 3552 viros.‘
1531 3494 1695 3552 Vall.
1737 3522 1823 3536 --
1908 3512 1974 3571 p.
2022 3495 2138 3568 24,
2183 3497 2286 3557 28.
2345 3492 2674 3574 praetem]

563 3599 723 3661 Van.
781 3604 1017 3674 μενεῖν.
1100 3594 1446 3671 Utrumque
1504 3596 1652 3656 ferri
1709 3595 1810 3655 hie
1868 3602 2110 3676 potest,
2159 3619 2351 3678 quare
2397 3599 2565 3676 quod
2607 3600 2675 3658 in

567 3700 747 3763 codd.
808 3698 1046 3769 inveni,
1109 3696 1290 3758 edidi.
1380 3697 1506 3760 Sed
1546 3701 1929 3778 praestriny.
1980 3704 2194 3763 oeulos
2239 3707 2335 3763 est
2376 3705 2682 3763 hebetare

568 3795 908 3882 (diruere)
955 3802 1188 3876 oculos,
1237 3819 1491 3861 caecum
1537 3819 1714 3878 quem
1753 3800 1995 3878 facere,
2039 3805 2136 3865 vd.
2185 3805 2313 3865 cic.
2357 3803 2490 3863 Cat.
2537 3806 2684 3865 mai.

567 3903 711 3976 XII,
749 3900 852 3965 42.
896 3899 969 3966 N.
998 3902 1075 3960 D.
1108 3896 1216 3975 ΙΙΙ,
1264 3901 1367 3975 29,
1416 3901 1518 3962 73.
1591 3902 1701 3963 Sil.
1744 3902 1823 3963 It.
1867 3902 1916 3982 Ι,
1961 3907 2107 3967 358.
2152 3910 2384 3969 Lucan.
2428 3902 2483 3980 1,
2535 3905 2684 3968 154.

574 4002 1026 4092 [reponendum
1089 4006 1185 4063 est
1240 4005 1371 4066 val.
1424 4006 1583 4071 Max.
1628 4000 1715 4079 ΙΙ,
1761 4005 1874 4082 10,
1920 4007 1979 4068 6.
2053 4009 2182 4085 ΙΧ,
2232 4011 2301 4085 1,
2348 4009 2409 4070 5.
2483 4010 2684 4070 Pmd.

570 4108 799 4191 Apoth.
846 4103 1005 4182 405,
1034 4104 1197 4168 503.
1287 4111 1505 4168 contra
1548 4110 1776 4188 Symm.
1818 4107 1868 4183 l,
1920 4109 2130 4192 166.],
2189 4113 2466 4173 similiter
2507 4134 2689 4173 men·

572 4212 657 4270 tis
701 4210 902 4274 aciem
937 4216 1218 4282 praestr.
1259 4208 1342 4268 de
1385 4208 1523 4269 Div.
1566 4207 1613 4283 Ι,
1660 4209 1762 4287 29,
1810 4210 1911 4271 61.
1960 4213 2041 4273 ib.
2075 4213 2243 4278 Gies.
2328 4217 2692 4293 Perstriny.

581 4311 784 4368 autom
843 4316 1106 4385 tangere
1167 4314 1265 4369 est
1324 4328 1397 4374 ac
1456 4313 1710 4374 laedere
1769 4334 1971 4392 neque
2030 4305 2318 4390 diruere,
2363 4336 2458 4379 oc.
2503 4318 2699 4396 igitur
