2867 5125
919 475 1054 521 an
1146 474 1449 522 ninn.
1521 455 1640 522 111.
2211 454 2335 524 143

241 634 466 710 quibus
511 630 747 708 expleri
788 629 956 690 vult!
994 629 1132 691 Non
1172 631 1360 710 igitur
1404 647 1562 707 opus
1608 633 1703 690 est
1743 628 1900 690 Vall.
1945 632 2174 708 suspie.
2232 651 2332 706 op.

234 755 359 795 non
404 735 596 810 expL,
642 749 824 810 quam
870 730 1062 791 deter.
1107 732 1286 795 codd.
1329 733 1454 792 duo
1501 732 1887 796 confirmant.
1942 733 2042 794 Ad
2072 737 2334 794 sentent.

239 834 320 895 cf.
364 835 593 893 Obbar.
640 833 717 893 ad
761 832 918 891 Hor.
962 834 1079 909 ΕΡ.
1121 835 1176 909 1,
1221 835 1281 910 2,
1326 833 1429 895 56.
1479 854 1541 911 Ρ.
1595 832 1737 896 180.
1783 866 1867 879 —-

412 932 614 993 Carm.
657 929 778 1007 ΙΠ,
818 931 878 993 3.
924 931 1165 1014 baccis]
1213 937 1436 995 Mirum
1481 941 1598 1013 est,
1641 939 1806 1016 quod
1857 939 2055 1015 intpp.
2103 937 2337 1015 aliquot

237 1035 478 1112 lapides
525 1038 832 1112 pretiosos
877 1056 952 1098 ac
995 1056 1265 1117 gemmas
1312 1040 1617 1115 quaslibet
1648 1039 1865 1099 volunt
1895 1037 2187 1118 intellegi,
2254 1038 2336 1096 si·-

237 1138 611 1218 gnificantur
655 1141 912 1201 uniones
957 1141 1150 1212 corni,
1192 1140 1373 1213 lauri,
1407 1141 1802 1219 olearumque
1846 1142 2052 1201 baccis
2089 1140 2334 1214 similes,

238 1242 365 1300 sive
408 1239 577 1315 quod
621 1241 812 1300 multo
859 1243 1170 1317 praestat,
1217 1241 1467 1300 monilia
1513 1262 1584 1303 ex
1625 1244 1953 1303 unionibus
1996 1243 2194 1316 facta3
2237 1241 2335 1300 vd.

238 1361 397 1419 quos
455 1342 611 1402 Vall.
672 1343 887 1403 laudat
931 1328 1086 1402 Hor.
1146 1341 1344 1418 Epod.
1390 1344 1556 1420 VIII,
1621 1343 1721 1404 14.
1783 1346 1912 1404 Sat.
1952 1341 2039 1419 Π,
2085 1342 2144 1418 3,
2192 1341 2336 1403 240.

239 1444 446 1521 (Obb.
492 1445 571 1503 ad
627 1445 743 1521 Ep.
799 1440 855 1518 Ι,
901 1441 963 1517 6,
1009 1442 1114 1519 5.)
1173 1446 1340 1523 Virg.
1402 1443 1539 1504 Cui.
1602 1443 1704 1504 66.
1768 1450 1830 1506 et
1875 1445 1984 1505 Ov.
2044 1447 2190 1505 Met.
2254 1445 2335 1517 X,

242 1544 367 1605 113
433 1564 568 1620 sqq.
627 1542 773 1604 264.
837 1547 949 1605 Sit.
1017 1545 1096 1604 It.
1153 1546 1296 1620 XII,
1362 1543 1508 1604 230.
1569 1530 1857 1606 Ceterum
1917 1551 2134 1606 oneret
2190 1562 2337 1604 vera

237 1648 552 1725 scriptura
596 1649 712 1719 est,
763 1644 843 1707 cf.
874 1645 982 1703 Ov.
1016 1645 1091 1705 A.
1123 1647 1258 1706 Am.
1299 1643 1418 1721 III,
1457 1646 1598 1707 129.
1647 1648 1809 1707 Plin.
1841 1650 1903 1709 h.
1953 1666 2011 1708 n.
2042 1647 2333 1720 XXXIII,

238 1747 299 1812 1.
352 1768 675 1827 gemmas.
696 1787 714 1806 .
735 1787 788 1808 ..
837 1749 1154 1807 onerando
1195 1779 1280 1792 -—-
1365 1767 1421 1808 v.
1471 1749 1529 1808 5.
1592 1751 1728 1813 Nec
1772 1747 1921 1830 eta]
1982 1750 2336 1810 Lectionem

237 1853 304 1911 V
294 1861 359 1911 2.
405 1852 568 1909 tueri
609 1849 852 1910 videtur
895 1848 1074 1907 Plan.
1123 1845 1244 1907 αὔτ’
1280 1843 1352 1904 ἂν
1384 1851 1654 1920 μερίμνας
1690 1852 2031 1922 κληρονόμος
2065 1844 2216 1907 τοῦδ’
2252 1847 2335 1906 ἐκ·

234 1944 434 2015 φύγοι,
471 1939 603 2000 οὔτε
644 1943 946 2013 συνέψεταί
982 1942 1039 1996 οὶ
1068 1942 1307 2001 πλοῦτος
1341 1936 1710 2010 ἄποιχομένῳ.
1748 1970 1815 1981 —

413 2044 564 2120 Cap.
607 2043 710 2115 lv,
756 2061 818 2118 p.
864 2039 968 2114 37,
1015 2040 1073 2100 5.
1119 2034 1372 2117 Catull.]
1422 2038 1517 2097 Cf.
1552 2058 1738 2100 carm.
1772 2040 1929 2115 LII.,
1967 2060 2001 2101 e
2048 2058 2169 2117 quo
2218 2041 2336 2101 Ca-

232 2146 463 2206 tullum
506 2144 758 2204 honoris
821 2161 1042 2203 caussa
1082 2141 1377 2213 Nonium,
1423 2141 1598 2200 cuins
1643 2160 1986 2222 cognomen
2035 2144 2197 2203 Plin.
2242 2145 2335 2219 (h.

231 2267 297 2307 n.
347 2246 664 2319 XXXVII,
710 2241 803 2324 6.)
863 2247 1022 2303 teste
1065 2240 1324 2301 Struma
1364 2241 1515 2315 fuit,
1561 2260 1681 2301 non
1730 2244 2011 2304 attulisse
2059 2250 2337 2321 apparet,

228 2351 400 2411 male
443 2350 631 2429 igitur
673 2345 893 2406 Boeth.
937 2345 1287 2419 vituperant
1326 2343 1571 2417 Murm.,
1616 2347 1822 2405 Sitzm.
1870 2348 2008 2418 eet„
2055 2346 2135 2407 cf.
2181 2347 2335 2405 Vall.
2391 2400 2400 2407 ,

230 2452 316 2511 ad
363 2449 428 2509 h.
473 2450 515 2508 l.
565 2479 656 2492 —
709 2450 791 2508 ib.
836 2446 942 2508 11.
1002 2440 1332 2523 Dec-orat]
1403 2444 1576 2505 Idem
1638 2448 1732 2505 est
1789 2464 1968 2522 quem
2035 2444 2204 2503 Cass.
2263 2446 2337 2518 V,

228 2552 343 2616 31.
395 2553 471 2613 V.
515 2553 844 2626 Devotum,
889 2548 1174 2626 quoniam
1209 2565 1463 2606 munere
1497 2546 1807 2608 ·adintoris
1844 2566 2002 2626 mag.
2049 2544 2150 2603 off.
2197 2544 2339 2605 sun-

228 2659 380 2715 ctus
429 2656 559 2727 est,
602 2656 818 2725 vocat,
861 2652 962 2711 vd.
1005 2648 1202 2710 Valla
1269 2649 1344 2706 ab
1387 2648 1630 2708 Ennod.
1696 2649 1828 2722 (IV,
1877 2647 1978 2708 25.
2024 2649 2187 2722 VIII,
2238 2646 2335 2710 16.

226 2751 382 2834 20.)
429 2757 493 2813 et
537 2752 710 2814 Cass.
758 2756 861 2832 (V,
905 2753 963 2814 3.
1011 2751 1102 2826 4.)
1150 2752 1280 2810 eius
1325 2753 1519 2827 patris
1566 2753 1793 2811 mentio
1839 2750 1928 2814 fit.
1970 2751 2188 2812 Notk.:
2233 2748 2337 2812 Ti-

221 2858 343 2918 εέν
389 2856 551 2916 Dec.
615 2856 772 2914 vva's
824 2854 1045 2931 fautor
1088 2851 1432 2912 Gothorum
1483 2855 1677 2927 pediti
1734 2855 1894 2913 vvcis'
1934 2873 2007 2912 er
2064 2854 2342 2913 meldan-

222 2959 397 3018 dero
452 2956 697 3013 civium.
787 2956 1051 3015 Vvdnda
1100 2972 1174 3012 er
1217 2954 1338 3011 όιιΙι
1398 2951 1502 3011 teir
1544 2956 1687 3012 mite
1745 2948 2174 3027 spiloma'nnes
2228 2954 2337 3012 lee-

221 3057 443 3119 bc‘irdoe
501 3050 750 3130 Ῐιάόεἰα,
803 3054 954 3131 fone
1013 3057 1121 3114 diu
1178 3074 1258 3113 ne
1320 3056 1528 3114 vvdlta
1585 3074 1658 3113 er
1687 3055 1820 3140 Ιεἴη
1878 3057 2121 3132 collega
2166 3057 2341 3115 nield

216 3156 512 3218 werden
555 3157 620 3215 in
662 3158 1142 3230 consulatu,
1208 3159 1312 3216 ἰόΙι
1356 3160 1414 3218 iz
1458 3165 1557 3216 ter
1598 3157 1869 3233 chuninq
1916 3156 2126 3213 υυόῖεἲ.
2151 3193 2170 3224 ·.
2212 3156 2340 3217 Tciz

213 3261 393 3321 vvds
451 3253 576 3316 imo
625 3256 831 3333 freisoe
886 3258 1101 3318 vvider
1159 3258 1280 3317 den
1337 3258 1628 3335 chuninq.
1672 3287 1758 3299 --
1836 3274 1899 3331 p.
1964 3254 2067 3329 48,
2126 3254 2184 3315 5.
2243 3259 2341 3315 sic

90 3419 97 3422 Α
215 3364 400 3424 conl.
443 3359 621 3417 uncis
666 3357 907 3429 inclusi,
958 3358 1010 3415 si
1053 3360 1371 3430 omittitur,
1418 3357 1771 3434 interpungi
1819 3357 2062 3432 potestx
2108 3375 2336 3434 coquo-

215 3459 469 3525 scere!
526 3457 625 3516 vd.
684 3459 838 3518 Hor.
901 3460 1031 3520 Sat.
1087 3455 1174 3533 H,
1228 3459 1282 3532 1,
1330 3457 1432 3519 43.
1500 3457 1716 3518 Claud.
1761 3457 1949 3533 Rapt.
1993 3457 2174 3518 Pros.
2216 3455 2336 3534 ΙΙΙ,

216 3563 361 3637 30.,
415 3578 557 3618 nam
600 3558 700 3618 hic
746 3578 869 3618 non
914 3561 1182 3635 pertinet
1220 3553 1339 3631 111,
1387 3557 1447 3617 9.
1494 3577 1558 3635 Ρ.
1617 3554 1720 3631 56,
1743 3557 1847 3616 24.
1894 3562 1956 3618 et
2013 3561 2117 3634 IV,
2163 3561 2225 3620 2.
2270 3581 2334 3638 Ρ.

210 3665 332 3740 76,
387 3660 492 3723 32.
538 3661 643 3719 ubi
688 3667 758 3719 ut
804 3679 874 3718 ex
917 3661 1181 3719 hanc...
1228 3678 1407 3736 cogn.
1470 3661 1533 3719 et
1573 3658 1755 3736 defin.
1815 3659 2064 3734 pendet.
2108 3691 2197 3703 —-
2268 3680 2331 3737 Ρ.

209 3770 329 3843 48,
389 3762 491 3825 14.
531 3756 862 3838 praetura]
920 3758 1014 3817 De
1060 3759 1356 3840 dignitate
1399 3761 1731 3837 praetoria,
1779 3778 1934 3835 quae
1980 3762 2094 3821 sub
2138 3764 2334 3839 impe-

205 3866 547 3934 tatoribus
612 3862 804 3940 magis
865 3861 1179 3940 magisque
1225 3862 1625 3935 concidebat,
1668 3863 1741 3921 ut
1784 3862 2170 3923 Theodorico
2235 3881 2333 3922 re·

204 3973 466 4061 guanto
510 3981 734 4024 nomen
776 3963 1013 4020 tantum
1056 3965 1359 4038 praetoris
1404 3964 1781 4039 superesset,
1822 3965 1944 4024 iam
1983 3964 2168 4042 plura
2211 3965 2332 4025 dis-

205 4076 432 4142 seruit
475 4071 681 4130 Sitzm.
727 4062 807 4123 ad
847 4062 910 4121 h.
953 4061 1018 4135 l.,
1064 4066 1284 4139 quibus
1329 4065 1487 4126 adde
1530 4065 1751 4142 Pomp.
1798 4065 1880 4137 de⁸
1923 4066 2026 4125 Or.
2068 4066 2196 4124 Iur.
2241 4063 2330 4140 II,

201 4183 323 4247 27.
381 4178 452 4235 et
493 4173 668 4232 Foss.
715 4166 793 4226 ad
836 4165 985 4223 Tae.
1029 4164 1235 4245 Agl-ic.
1280 4185 1334 4228 c.
1369 4165 1433 4226 6.
1476 4186 1540 4244 Ρ.
1591 4165 1688 4226 16.
1737 4164 1826 4243 (4.
1866 4167 2113 4228 Altenb.
2144 4168 2327 4232 1837.

194 4270 500 4364 lunga),
541 4271 649 4330 ubi
692 4268 858 4327 hunc
901 4285 1148 4343 quoque
1187 4268 1394 4330 locum
1437 4269 1635 4342 affert,
1682 4287 1881 4345 neque
1928 4268 2136 4328 Cuiac.
2171 4273 2327 4333 coni.

197 4377 562 4461 improbat,
622 4389 805 4447 quam
849 4387 1014 4429 nunc
1060 4372 1123 4429 et
1181 4368 1359 4429 codd.
1403 4372 1654 4431 veterib.
1682 4368 1763 4432 ‘et
1802 4370 1986 4433 Notk.
2022 4373 2327 4448 interpre-
