2867 5125
1058 466 1456 530 Carnu·
1544 464 1590 527 I.
2254 485 2368 533 xm

269 639 599 706 Boethius
660 648 727 706 et
785 639 865 714 Q.
925 634 1237 705 Aurelius
1307 634 1656 703 Memmius
1717 632 2159 721 Symmachus
2239 637 2368 722 ipsi

271 753 416 820 nati
463 760 655 831 sunt,
699 770 866 836 quos
908 769 1152 835 pueros
1191 750 1323 814 iam
1365 746 1558 815 Coss.
1605 743 1824 813 factos
1864 743 2024 811 vidit
2056 747 2182 830 ¹⁷).

398 855 405 868 ²
448 861 581 927 Diu
621 871 866 940 autem,
908 870 980 925 nt
1013 857 1130 926 illa
1170 858 1434 926 fortuna
1478 871 1546 924 et
1587 857 1952 924 domestica
1995 868 2059 924 et
2104 837 2370 944 publica

279 972 653 1052 frueretur,
694 970 974 1037 Boethio
1018 990 1157 1037 non
1197 971 1506 1056 contigit:
1549 990 1736 1052 nam,
1780 969 2087 1054 quoniam
2128 968 2373 1034 iustitia

275 1096 487 1169 atque
530 1082 903 1168 eloquentia
957 1103 1083 1148 sua
1140 1079 1509 1168 permultos
1566 1080 1749 1146 viros
1804 1081 2019 1146 bonos
2072 1101 2115 1146 a
2158 1077 2370 1145 Theo·

289 1193 519 1261 derico
580 1194 817 1279 capitis
889 1194 1236 1259 damnatos
1304 1175 1723 1271 absolverat,
1787 1191 1941 1258 odia
2014 1185 2374 1258 aulicorum

293 1305 585 1373 omnium
626 1306 694 1371 in
753 1325 830 1372 se
887 1304 1243 1383 convertit,
1300 1321 1514 1388 neque
1575 1299 1881 1380 defuere,
1937 1303 2050 1388 qui
2105 1319 2253 1370 eum
2310 1311 2377 1368 et

275 1526 541 1570 mortuam
593 1533 716 1571 esse
764 1517 972 1571 dicant!
1044 1513 1442 1586 inscriptionem
1493 1509 1769 1585 quamdam
1790 1554 1806 1580 ,
1855 1529 1959 1584 qua
2002 1513 2093 1568 illa
2131 1511 2202 1568 B.
2242 1531 2379 1569 uxor

283 1610 605 1671 celebratur,
643 1612 914 1665 inventam
949 1628 1070 1665 esse
1104 1608 1394 1674 Panormi,
1437 1608 1563 1664 dum
1599 1609 1807 1679 collegii
1841 1608 2039 1663 Societ.
2110 1607 2229 1663 Iesu
2263 1607 2377 1663 fun-

280 1702 534 1757 damenta
569 1686 947 1770 effoderentur,
987 1712 1162 1758 narrat
1194 1700 1504 1776 Monqitor.
1559 1702 1712 1772 (bibl.
1747 1702 1856 1757 Sic.
1900 1702 2052 1757 Tom.
2090 1701 2131 1756 I.
2168 1722 2221 1774 p.
2258 1706 2377 1760 173.

279 1796 351 1850 cf.
401 1797 564 1868 Vulp.
613 1799 669 1852 in
714 1795 813 1852 fin.
863 1797 948 1852 ed.
996 1796 1118 1852 Pat-
1171 1796 1380 1864 1721),
1431 1797 1672 1851 eamdem
1722 1796 1836 1850 aliis
1870 1796 1923 1850 in
1957 1796 2264 1867 regionibus
2294 1814 2380 1851 re-

275 1899 487 1961 pertam
522 1891 701 1945 dicunt
742 1889 1144 1950 strabos-claim
1175 1890 1367 1959 (storia
1396 1889 1539 1945 della
1573 1889 1683 1944 lett.
1720 1890 1827 1944 ital.
1863 1889 2018 1944 Tom.
2053 1887 2144 1943 111.
2181 1907 2233 1960 p.
2268 1890 2381 1957 54.)

276 1982 734 2040 Mazzuchellius
769 1985 864 2056 (in
901 1983 1132 2039 scrittori
1160 1984 1213 2038 d’
1263 1982 1374 2038 Ital.
1409 2003 1462 2057 p.
1501 1986 1685 2055 1413.)
1758 1983 2072 2055 Gyraldius
2106 1983 2224 2068 (ὼε,
2236 1992 2381 2055 poet.

276 2076 468 2131 histor.
505 2078 630 2133 dial.
660 2097 717 2150 p.
750 2084 876 2137 299.
915 2079 1001 2133 ed.
1038 2077 1210 2149 Lugd.
1266 2069 1392 2132 Bat-
1428 2079 1608 2141 1696.)
1658 2085 1713 2131 et
1747 2077 1944 2140 ceteri,
1995 2094 2133 2147 qnos
2166 2076 2255 2131 vd.
2291 2094 2379 2149 ap.

276 2168 449 2226 Baur.
502 2189 555 2242 p.
611 2177 726 2235 123
775 2188 893 2227 eam
942 2187 1074 2226 vero
1124 2167 1304 2226 fictam
1353 2188 1478 2226 esse
1526 2166 1889 2224 Muratorius
1937 2168 2132 2248 (storia
2178 2155 2232 2223 d’
2267 2169 2383 2224 Ital.

278 2282 335 2337 p.
372 2265 523 2332 420.)
579 2273 634 2319 et
688 2263 1016 2319 recentiores
1068 2279 1287 2331 omnes,
1338 2265 1427 2335 qui
1475 2263 1528 2317 in
1577 2279 1644 2317 ea
1687 2262 1999 2333 inquirenda
2032 2280 2252 2333 operam
2285 2279 2385 2335 po·

284 2366 529 2421 suerunt,
566 2356 783 2413 Mittin.
839 2358 1028 2425 (Re-ise
1065 2357 1232 2413 durch
1268 2358 1321 2411 d.
1356 2356 1685 2410 Lomhardei
1724 2357 1903 2412 ubers.
1938 2373 1991 2410 ν.
2029 2355 2089 2410 C.
2124 2355 2193 2411 L.
2229 2356 2388 2428 Bing-

284 2448 329 2504 Ι.
365 2468 421 2522 p.
457 2450 568 2519 27.)
637 2448 731 2504 La
778 2449 968 2504 Laud.
1020 2448 1261 2520 (voyage
1309 2464 1378 2503 en
1426 2446 1576 2503 Italie
1625 2448 1687 2503 Τ.
1723 2446 1789 2503 II.
1838 2467 1892 2520 p.
1937 2453 2050 2518 21.)
2130 2448 2392 2508 Valerius

292 2546 562 2614 (voyages
599 2540 922 2613 historiques
948 2571 1016 2584 —
1054 2557 1121 2597 en
1157 2538 1282 2596 Ital..
1317 2541 1480 2613 pend.
1515 2541 1598 2596 les
1629 2539 1830 2598 annees
1864 2547 2180 2604 1826-28.
2250 2541 2390 2601 Bru·

288 2637 463 2692 xelles
499 2641 651 2695 1835.
695 2655 748 2709 p.
783 2640 853 2694 68
889 2638 1002 2707 sq.)
1056 2645 1442 2708 cognoverunt.
1511 2633 1826 2709 Composuit
1874 2636 2009 2710 Epis
2056 2640 2195 2694 duos
2244 2639 2392 2711 hym-

287 2751 416 2800 nos,
467 2734 556 2804 qui
590 2730 764 2787 adhuc
798 2731 960 2786 hodie
993 2748 1029 2784 a
1062 2729 1335 2785 catholicis
1384 2738 1659 2796 canuntur,
1694 2729 1784 2784 vd.
1818 2726 1971 2785 Bert.
2008 2732 2179 2804 praef.
2213 2751 2266 2805 p.
2308 2739 2391 2790 17.

290 2826 409 2894 (ed.
465 2826 673 2883 Teubn.
727 2825 909 2893 1758.)
963 2822 1136 2879 Helfr.
1173 2842 1226 2896 p.
1260 2827 1347 2881 22.
1419 2821 1673 2877 Thomas.
1725 2820 1964 2894 hymnar.
2018 2825 2242 2893 (Aurea
2290 2827 2394 2880 lux

288 2930 347 2975 et
383 2917 556 2974 Felix
608 2937 721 2992 per
769 2919 970 2986 omn).
1039 2916 1335 2990 Hypatius,
1387 2916 1476 2986 qui
1511 2908 1719 2987 Elpidis
1749 2915 1894 2972 filius
1927 2920 2259 2987 nominatur,
2305 2936 2395 2973 so·

291 3015 435 3068 roris
471 3013 740 3067 Anastasii
776 3011 932 3081 (Cos.
967 3015 1114 3080 492.)
1148 3008 1292 3066 filius
1331 3009 1445 3074 fuit,
1479 3009 1739 3064 Patricius
1767 3009 1987 3080 Phryx,
2024 3012 2113 3066 vd.
2150 3011 2393 3083 Hagenb.

291 3106 329 3160 1.
365 3107 402 3162 1.
438 3124 494 3178 p.
532 3094 858 3163 811Baron.
892 3114 947 3160 et
974 3105 1200 3160 Reland.
1238 3105 1306 3159 ad
1336 3102 1482 3158 Fast.
1518 3103 1810 3170 consular„
1845 3113 1898 3158 et
1933 3112 2153 3176 uterque
2186 3123 2238 3160 a.
2274 3110 2393 3163 500.

269 3185 422 3254 003.
473 3215 697 3270 graecus
748 3207 957 3253 creatus
992 3207 1109 3259 est,
1160 3198 1231 3253 cf.
1266 3198 1536 3252 Sirmond.
1570 3199 1639 3252 ad
1674 3196 1887 3255 Ennod.
1926 3198 2071 3268 VIII,
2108 3208 2156 3258 1.
2217 3200 2395 3256 Hand.

296 3311 348 3363 p.
387 3297 510 3350 284.
544 3322 615 3332 -
679 3291 885 3347 Fabula
916 3292 987 3346 de
1019 3290 1212 3363 Elpide
1246 3289 1469 3347 Boethii
1521 3308 1689 3347 uxore
1726 3302 1781 3347 et
1819 3292 2019 3365 Hypat.
2067 3313 2133 3349 ac
2166 3294 2397 3350 Patricio

258 3450 269 3461 .
295 3386 412 3439 eius
460 3384 587 3439 filiis
633 3385 759 3440 inde
812 3394 939 3440 nata
992 3386 1219 3452 videtur,
1256 3387 1403 3456 quod
1437 3387 1606 3457 intpp.
1641 3387 1789 3442 multi
1823 3388 1989 3443 verba
2024 3386 2097 3455 II,
2130 3393 2183 3448 3.
2220 3407 2273 3460 p.
2307 3394 2398 3456 24,

296 3485 402 3547 11„
442 3493 594 3545 ,cum
628 3484 792 3533 tanto
834 3478 1136 3551 splendore
1183 3483 1550 3547 socer-orama,⁶
1584 3495 1722 3551 quae
1756 3480 1823 3535 ad
1858 3493 2109 3552 parentes
2144 3483 2399 3539 Rusticia-

295 3587 401 3626 nae
448 3571 731 3627 referenda
785 3587 908 3629 esse
954 3573 1009 3627 in
1061 3572 1261 3627 Adnot.
1313 3574 1383 3628 ad
1433 3572 1490 3628 h.
1541 3574 1579 3627 I.
1633 3574 1790 3629 docui
1808 3615 1825 3642 ,
1877 3577 2013 3630 male
2072 3577 2400 3649 interpretati

297 3674 443 3731 sunt,
494 3672 549 3718 et
585 3665 730 3735 quod
770 3665 841 3719 ib.
878 3670 966 3721 21.
1018 3670 1247 3739 ,reyiae
1296 3665 1456 3721 laud.
1510 3675 1746 3722 orator‘
1795 3668 1863 3722 de
1914 3671 2193 3738 oratione,
2243 3689 2401 3743 quam

296 3754 504 3812 Boeth.
537 3776 608 3812 eo
637 3776 745 3829 quo
769 3757 1133 3814 Theodericus
1154 3759 1381 3815 Romam
1413 3763 1697 3839 occupavit
1727 3778 1869 3816 anno
1894 3762 2073 3836 (500.)
2110 3765 2404 3829 habuisset,

300 3852 730 3924 explicaverunt,
769 3853 1010 3924 quamvis
1046 3855 1340 3911 orationem
1377 3872 1464 3908 ao.
1502 3859 1622 3913 522.
1668 3854 1919 3922 habitam,
1973 3876 2081 3929 quo
2132 3860 2238 3914 duo
2287 3861 2403 3930 phi·

300 3947 516 4019 losophi
548 3945 646 4002 filii
681 3944 949 4002 Boethius
985 3956 1040 4002 et
1060 3947 1409 4019 Symmachus
1435 3946 1591 4003 Coss.
1630 3949 1777 4004 fuere
1814 3961 1867 4006 et
1898 3951 2255 4008 Theodericus
2289 3954 2404 4007 Ro-

301 4058 442 4095 mam
479 4041 662 4108 sedem
698 4058 763 4095 ac
797 4040 1114 4097 domicilium
1159 4043 1432 4097 constituit
1450 4082 1470 4107 ,
1518 4043 1923 4116 intellegendam
1974 4064 2097 4102 esse
2142 4047 2247 4101 loci
2284 4064 2404 4102 sen-

301 4135 467 4191 tentia
502 4135 753 4207 postulet.
2188 4139 2191 4142 ’

442 4255 539 4324 17)
579 4253 682 4309 Vd.
720 4252 787 4309 de
824 4271 973 4317 cons.
1009 4253 1044 4307 Ι.
1079 4253 1116 4306 l.
1156 4262 1210 4308 et
1243 4252 1378 4310 infra
1411 4274 1468 4330 p.
1507 4260 1626 4315 134.
1668 4242 1851 4314 ‘Coss
1893 4259 2144 4313 ordinarii
2178 4260 2406 4329 fuerunt,

306 4363 415 4400 non
466 4347 776 4412 honorarii,
828 4348 952 4417 quia
1000 4345 1105 4400 hos
1143 4348 1313 4417 primo
1340 4351 1473 4437 *anni
1508 4351 1594 4419 die
1629 4354 1859 4424 populus
1901 4353 2063 4406 domo
2100 4369 2208 4408 non
2246 4350 2409 4410 dedu·

305 4442 476 4508 cebat,
515 4441 604 4496 vd.
621 4440 863 4512 Hagenb.
900 4460 954 4513 p.
995 4447 1103 4508 84..
1136 4442 1225 4512 qui
1261 4441 1373 4501 Ov.
1411 4461 1480 4499 ex
1514 4445 1697 4500 Ponto
1732 4445 1828 4514 IV,
1863 4450 1928 4512 4,
1969 4450 2051 4503 18.
2087 4452 2172 4507 40.
2212 4448 2409 4503 laudat.
