2867 5125
588 456 714 523 156
1097 458 2124 524 Anno‘rA'rlouns

582 634 809 711 quique
856 632 918 690 in
965 633 1215 691 carmin.
1276 633 1583 693 invenitur
1644 631 1808 709 apud
1852 631 1924 694 B.
1969 633 2071 709 IV,
2123 630 2178 706 1,
2220 631 2277 691 7.
2304 663 2386 674 —-
2449 634 2534 694 ib.
2580 633 2678 694 29.

581 738 847 813 quisque
892 728 1070 795 codd.
1116 755 1361 811 omnes,
1423 736 1534 795 sed
1600 754 1850 795 necesse
1911 738 2006 793 est
2050 738 2373 813 quisquam
2416 734 2677 814 legatur,

582 836 748 914 quo'd
792 836 1175 916 Kinderling.
1210 838 1313 911 lv,
1347 838 1406 896 2.
1452 858 1515 915 p.
1551 838 1654 912 73,
1703 836 1803 898 14.
1849 837 2146 896 inculcari
2186 837 2335 911 vult,
2380 835 2480 895 vd.
2524 837 2678 895 Bill-

579 942 738 1011 roth.
786 941 844 1012 §.
875 937 1017 998 205.
1089 939 1312 999 Krebs.
1343 939 1665 1001 Antibarb.
1712 960 1775 1018 p.
1811 937 1972 1015 409„
2018 939 2176 998 male
2219 942 2401 999 etiam
2446 939 2677 998 Comm.

501 1103 506 1108 ,
583 1045 645 1102 in
715 1042 844 1101 Cic.
907 1042 1062 1116 Top.
1119 1058 1182 1116 p.
1240 1039 1404 1115 380,
1452 1042 1511 1101 7.
1583 1042 1720 1102 edd.
1779 1044 1921 1101 ante
1967 1041 2235 1102 Baiter.z
2317 1044 2488 1101 velut
2539 1043 2675 1098 iure

582 1150 911 1224 quisquam
963 1144 1154 1219 plura
1199 1144 1357 1202 bona
1395 1136 1805 1220 paucioribus
1847 1150 2203 1221 anteponit,
2263 1147 2366 1220 qui
2411 1147 2674 1223 quisque

582 1268 653 1307 ex
695 1246 961 1305 Einsied.
1025 1244 1160 1304 cod.
1207 1248 1459 1322 recepit.
1541 1247 1714 1305 Infra
1773 1247 2064 1325 aufertur
2119 1249 2423 1310 sententia
2478 1249 2676 1324 proba

586 1351 825 1426 primus
875 1347 1055 1408 edidi.
1101 1377 1189 1390 -

751 1449 949 1509 Carm.
981 1451 1095 1524 ΠΙ,
1131 1449 1227 1508 14.
1318 1448 1453 1509 Sed
1498 1452 1637 1528 quis
1679 1448 1838 1529 eta]
1880 1450 2182 1510 Planud.:
2228 1448 2364 1508 ἀλλὰ
2399 1454 2485 1515 τίς
2527 1450 2674 1506 ἔσσυ-

577 1566 672 1601 ται
723 1540 859 1613 ὅπερ
913 1542 1030 1601 οἶδε
1077 1548 1319 1614 μαθεῖνς
1388 1539 1499 1600 ἀλλ’
1552 1539 1657 1599 οὔκ
1706 1541 1857 1612 οἶδε,
1906 1550 1965 1603 τί
2012 1545 2061 1605 δ’
2094 1542 2127 1603 ὃ
2175 1546 2250 1618 μὴ
2304 1541 2413 1600 εἶδε
2462 1546 2673 1605 ποθεῖς

575 1639 855 1715 Apparet
915 1638 1101 1716 igitur
1157 1637 1218 1694 in
1279 1636 1783 1712 Metophrastrae,
1831 1641 1989 1700 libro
2054 1660 2253 1718 neque
2317 1646 2459 1713 aut,
2507 1636 2676 1712 quod

579 1743 763 1801 etiam
807 1742 916 1806 ΤΕ.
961 1740 1236 1816 praebet,
1283 1758 1482 1816 neque
1526 1747 1607 1813 et,
1653 1761 1832 1816 quam
1875 1762 2088 1805 vocem
2130 1746 2193 1803 in
2225 1743 2443 1802 Goion.
2481 1739 2668 1809 1589.

575 1846 797 1918 inveni,
844 1843 954 1903 sed
997 1849 1064 1900 at
1106 1842 1318 1901 fuisse.
1349 1872 1418 1887 -
1467 1861 1522 1903 v.
1548 1842 1645 1903 18.
1685 1847 1825 1922 quis
1854 1856 2085 1922 repert.
2137 1848 2351 1907 Colon.
2379 1844 2669 1905 1589.—

747 1946 898 2025 Cap.
949 1946 1052 2006 lv.
1115 1965 1178 2022 p.
1235 1943 1376 2018 105,
1440 1944 1540 2005 23.
1596 1945 1898 2030 veniunt]
1961 1951 2283 2030 Vulgaiam
2341 1951 2666 2009 lectionem

574 2052 775 2112 Pulm.
836 2072 906 2111 ex
970 2047 1108 2108 edd.
1172 2050 1316 2107 vett.
1380 2049 1444 2105 in
1502 2051 1671 2106 textu
1731 2053 1957 2125 posuit.
2041 2051 2261 2112 Boeth.
2321 2056 2523 2112 autem
2585 2072 2667 2109 ex

573 2157 789 2233 aliqua
831 2172 903 2212 re
945 2154 1194 2211 evenire
1237 2170 1359 2209 non
1405 2151 1644 2210 videtur
1688 2152 1904 2212 dixisse
1925 2197 1942 2229 ‚
2007 2154 2117 2213 sed
2174 2157 2299 2214 sive
2355 2174 2495 2214 ven.
2544 2154 2668 2211 sive

569 2277 826 2332 proven.
874 2259 936 2314 et
979 2258 1337 2333 contingere
1382 2275 1465 2314 ex
1506 2275 1577 2313 re
1627 2255 1729 2331 (V,
1775 2255 1833 2329 5..
1877 2273 1937 2331 p.
1982 2252 2120 2330 110,
2167 2256 2267 2317 22.
2314 2255 2372 2316 6.
2419 2277 2482 2334 p.
2527 2256 2668 2328 114,

572 2356 730 2439 21.)‚
778 2362 899 2419 sive
939 2358 1260 2436 proficisci
1302 2361 1380 2417 de
1423 2360 1505 2417 al.
1555 2378 1625 2416 re
1672 2353 1784 2435 (ib.
1829 2375 1890 2432 p.
1941 2355 2080 2431 114,
2127 2357 2263 2434 26,,
2309 2361 2413 2420 alii
2459 2363 2541 2419 ab
2581 2364 2665 2420 al.

571 2483 643 2521 re
681 2460 849 2538 prof.
916 2457 1092 2540 [Cic.
1156 2463 1253 2522 ad,
1289 2463 1457 2521 Fam.
1500 2461 1588 2533 V,
1635 2460 1672 2523 5
1724 2455 1871 2537 etc-J
1936 2461 2395 2543 scripseram),
2463 2483 2666 2538 neque

572 2564 734 2642 apud
782 2564 967 2623 alium
1015 2585 1376 2642 quemquem
1435 2583 1530 2624 me
1589 2562 1707 2621 hoc
1761 2561 1986 2640 legisse
2047 2566 2310 2626 memini.
2395 2566 2489 2625 De
2534 2568 2663 2624 for—

571 2669 736 2727 mula
793 2688 916 2727 usu
974 2672 1222 2727 evenire
1282 2670 1343 2725 et
1385 2665 1682 2725 similibus
1703 2706 1719 2738 ,
1777 2683 1928 2739 quas
1986 2664 2170 2743 vulgo
2216 2666 2437 2732 latinas
2481 2673 2665 2744 puta-

568 2772 739 2847 bant,
785 2771 865 2830 cf.
909 2768 1035 2826 Cic.
1084 2768 1215 2825 Cat.
1260 2768 1396 2824 mai.
1440 2768 1555 2841 ΠΙ,
1602 2767 1659 2827 7.
1705 2770 1784 2827 ih.
1832 2766 2076 2840 otton„
2124 2769 2202 2827 ad
2245 2770 2411 2829 Fam.
2441 2771 2556 2844 ΠΙ,
2600 2771 2664 2833 8.

571 2872 648 2932 ad
709 2872 892 2931 Attio.
926 2871 1071 2943 VII,
1120 2868 1220 2930 26.
1306 2867 1568 2947 Madvig.
1633 2868 1712 2927 ad
1755 2868 1878 2929 Cic.
1928 2870 2002 2929 de
2046 2871 2179 2936 Fin.
2224 2874 2308 2947 V,
2360 2872 2420 2946 2,
2468 2873 2526 2933 4.
2576 2905 2663 2915 —

566 2998 630 3054 p.
683 2974 823 3049 106,
869 2973 927 3034 4.
973 2996 1051 3034 ne
1094 2975 1205 3033 illa
1250 2967 1534 3051 quidem]
1579 2970 1672 3029 De
1716 2970 1808 3029 his
1853 2973 2211 3047 particulis,
2278 2996 2436 3052 quae
2495 2998 2663 3041 eam.

568 3080 706 3138 dem
748 3077 1253 3164 significationem
1297 3057 1544 3145 habent,
1590 3093 1771 3149 quam
1814 3078 2060 3140 nostrae
2107 3081 2271 3144 auch
2312 3082 2502 3154 nicht,
2548 3079 2662 3140 mi·-

556 3199 680 3256 per
726 3180 969 3257 egregie
1032 3178 1361 3253 disputavit
1417 3175 1617 3233 Madv.
1675 3176 1735 3232 in
1793 3176 2045 3237 Excurs.
2087 3179 2201 3238 111.
2263 3182 2341 3243 ad
2386 3184 2513 3248 Cic.
2583 3185 2662 3244 de

566 3283 698 3340 Pin.
745 3279 838 3355 (Ρ.
895 3276 1309 3351 816-26.),
1372 3279 1433 3335 et
1497 3278 1574 3336 ad
1619 3277 1701 3350 Π,
1749 3275 1850 3353 26,
1897 3280 1997 3339 82.
2065 3303 2125 3360 p.
2176 3283 2357 3358 282„
2402 3287 2507 3344 ubi
2553 3288 2661 3346 Vir

565 3386 671 3444 ille
715 3384 790 3443 D.
838 3384 1103 3459 optimqs
1173 3380 1505 3454 scriptores
1562 3401 1679 3440 nec
1710 3413 1788 3434 -τ
1834 3386 2077 3459 quidem
2145 3384 2286 3460 (vd.
2347 3386 2519 3447 Iahn.
2580 3390 2659 3448 ad

565 3491 730 3566 Virg.
774 3486 1002 3563 Georg.
1046 3484 1099 3555 Ι,
1156 3479 1292 3540 126.
1338 3482 1521 3541 Hess.
1584 3486 1645 3542 et
1687 3484 1897 3542 Pabst.
1946 3485 2025 3542 ad
2071 3487 2215 3545 Tac.
2271 3487 2430 3547 Dial.
2475 3490 2556 3563 X,
2600 3490 2653 3549 1.

563 3592 773 3667 Intpp.
823 3590 902 3647 ad
953 3588 1078 3647 Cic.
1137 3586 1268 3644 Cat.
1313 3585 1426 3655 ΠΙ,
1478 3583 1579 3642 24.
1668 3584 1800 3643 cat.
1849 3590 1984 3646 mai.
2029 3589 2139 3662 IX,
2189 3588 2316 3660 27.)
2380 3611 2501 3649 non
2564 3593 2655 3649 (15-

563 3696 720 3752 xisse
768 3694 922 3751 bene
969 3690 1196 3748 docuit.
1286 3685 1378 3744 Cf.
1427 3686 1605 3743 etiam
1641 3686 1837 3747 Fabri.
1886 3691 1963 3747 ad
2001 3693 2384 3764 Liv.xxn1,
2417 3691 2516 3766 30,
2556 3691 2654 3767 10,

563 3799 667 3872 qui
691 3797 815 3854 Liv.
848 3802 925 3853 et
963 3814 1043 3853 ne
1077 3834 1093 3850 .
1127 3835 1144 3854 .
1176 3833 1191 3849 .
1240 3788 1404 3867 quid.
1453 3804 1564 3860 pro
1601 3805 1753 3846 uec.
1788 3830 1802 3845 .
1837 3808 1893 3869 q.
1942 3792 2161 3851 dixisse
2202 3795 2407 3853 multis
2456 3815 2655 3854 exem-

564 3900 684 3976 plis
731 3900 1015 3982 testatur.
1102 3893 1285 3969 Apud
1328 3889 1546 3949 Boeth.
1593 3887 1757 3950 haud
1800 3911 1941 3952 raro
1985 3896 2048 3958 in
2095 3898 2425 3956 serim-ibus
2473 3900 2652 3957 codd.

562 4023 679 4063 neo
725 4019 839 4077 pro
883 4020 963 4059 ne
1006 3998 1345 4067 invenitur,
1411 3992 1521 4050 sed
1563 3995 1709 4053 vett.
1755 3990 2148 4073 (praesertim
2192 4001 2279 4075 A)
2342 4020 2467 4059 uno
2512 4002 2653 4060 loco

565 4106 818 4180 excepto
863 4102 946 4174 Π,
997 4100 1053 4160 7.
1100 4120 1161 4175 p.
1197 4098 1300 4170 37,
1351 4093 1452 4155 20».
1525 4097 1628 4153 ubi
1672 4117 1751 4156 ne
1786 4141 1800 4157 .
1841 4138 1857 4155 .
1892 4139 1910 4162 .
1953 4102 2119 4174 quid.
2167 4106 2514 4162 necessario
2562 4103 2651 4163 le-

564 4207 830 4286 gendum
909 4222 1044 4262 esse
1099 4201 1300 4260 Pulm.
1375 4200 1496 4256 iam
1529 4240 1539 4251 .
1570 4201 1854 4278 cognovit
1919 4203 2311 4279 eiusdemque
2388 4208 2650 4266 coniect.

563 4328 727 4369 nunc
770 4308 845 4367 H
881 4303 1235 4376 confirmat,
1297 4318 1538 4375 semper
1582 4321 1659 4360 ne
1690 4341 1782 4370 ..2
1814 4306 1978 4380 quid.
2026 4307 2356 4380 praebent,
2406 4327 2525 4383 qua
2575 4309 2648 4367 de

562 4428 780 4469 caussa
822 4409 938 4482 111,
983 4404 1041 4465 9.
1088 4424 1151 4481 p.
1196 4402 1300 4477 56,
1344 4403 1404 4463 8.
1464 4404 1579 4477 ΙΙΙ,
1635 4404 1730 4496 11.
1798 4424 1857 4481 p.
1891 4404 1995 4477 65,
2031 4408 2133 4469 27.
2190 4409 2292 4480 IV,
2326 4408 2386 4465 2.
2446 4427 2507 4484 p.
2548 4407 2646 4476 76,
