2867 5125
945 417 1340 485 Carum·
1425 419 1475 482 1.
2189 436 2258 484 1¹

196 586 348 672 DD„
384 589 493 674 qni
536 607 780 654 annum
822 581 1256 655 ccchxx.
1320 587 1470 655 sive
1521 585 1794 654 Lxxv.
1841 597 2139 655 statuunt
2152 636 2173 673 ,
2212 611 2258 656 a

194 718 334 764 vero
360 720 598 784 -prope
661 699 902 765 abesse
970 700 1277 764 videntur
1304 704 1389 779 ³).
1471 698 1703 765 ·Pater
1776 700 1921 766 eius
1981 699 2257 767 Flavius

193 808 452 875 Manlius
492 809 815 877 Boethius
841 812 908 892 ⁴‘)
968 808 1202 878 consul
1266 810 1422 875 anni
1468 809 2091 877 CCCCLXXXVII.
2133 810 2260 878 fuit

193 918 440 1005 eiusque
478 941 646 987 avus
686 919 961 987 Flavius
999 920 1316 988 Boethius
1356 919 1575 987 Praef.
1617 920 1872 1001 Praet.,
1915 940 2109 1008 quem
2123 923 2259 991 Va-

194 1027 493 1097 lentianns
544 1032 651 1099 111.
716 1053 891 1099 anuo
948 1029 1317 1099 OOGCLV.
1350 1032 1418 1117 6)
1491 1029 1772 1097 interfici
1825 1032 2035 1098 iussit.
2137 1034 2260 1101 Pa-

196 1150 282 1205 tre
329 1153 582 1209 mortuo
641 1143 946 1210 Anicium
998 1141 1318 1208 Manlium
1390 1140 1610 1208 adhuc
1668 1163 1943 1232 puerum
2007 1161 2264 1212 summa

194 1271 564 1319 summorum
607 1255 897 1322 virorum
953 1273 1115 1320 cura
1155 1253 1452 1338 suscepit
1478 1257 1565 1334 ⁶).
1651 1254 1913 1320 Iuvenis
1955 1255 2083 1322 arti
2125 1276 2260 1323 ma·

194 1459 416 1520 Marcell.
453 1484 507 1538 p.
535 1469 656 1522 561.
694 1463 868 1537 (Lips.
901 1464 1104 1533 1⁷73.),
1135 1464 1339 1536 plurimi
1366 1455 1423 1519 et
1443 1463 1774 1521 Cassiodoet
1798 1466 1957 1524 codd.
1992 1475 2049 1522 et
2078 1482 2260 1521 esrum

194 1555 474 1629 elegiarum,
506 1575 651 1628 quae
683 1558 784 1616 sub
826 1556 994 1612 Corn.
1035 1556 1195 1613 Galli
1223 1559 1441 1613 nomine
1473 1557 1732 1626 ferimur,
1778 1558 1847 1616 cf.
1884 1561 2018 1632 eleg.
2049 1558 2143 1627 111,
2173 1563 2264 1630 48,

195 1646 369 1715 ,Solus
404 1651 582 1707 Boeti
610 1650 757 1722 fem,
788 1652 1099 1706 miseratus
1132 1656 1318 1724 opem‘
1367 1633 1517 1723 quod
1569 1651 1780 1707 Gauric.
1800 1691 1817 1719 ,
1872 1653 1964 1723 qui
2011 1653 2065 1706 iu
2100 1653 2262 1709 codd.

193 1745 436 1799 nonnullis
470 1743 686 1799 Boheti
716 1744 917 1797 invenit
927 1781 948 1808 ,
999 1744 1053 1797 in
1089 1743 1296 1800 Bobeti
1327 1746 1566 1800 mutavit.
1600 1774 1670 1786 —
1712 1743 1960 1802 Ceterum
1994 1744 2269 1801 Boethius

194 1836 436 1893 adiutores
470 1838 766 1892 scribarum
803 1835 1134 1910 publicorum
1173 1837 1339 1892 fuisse
1374 1856 1443 1893 ex
1479 1837 1615 1894 cod.
1652 1837 1782 1896 lust.
1816 1839 1853 1893 l.
1883 1837 1975 1893 1V.
2003 1839 2122 1907 (βε
2151 1839 2268 1895 tab.

195 1928 415 1998 scr-ibis‘)
450 1939 698 2006 apparet,
730 1929 795 1983 cf.
834 1928 1043 1984 Barth.
1078 1930 1306 1985 Advers.
1338 1930 1539 2002 XXIV,
1569 1938 1681 1995 15.;
1728 1941 1781 1987 et
1814 1931 1993 2006 plures
2033 1930 2273 2004 philoso-

194 2019 272 2092 phi
309 2020 531 2081 Boethii
575 2023 944 2089 nominantur,
995 2023 1084 2077 vd.
1120 2022 1284 2094 Diog.
1322 2023 1504 2081 Laert.
1534 2022 1656 2089 vu,
1691 2030 1745 2091 1,
1789 2028 1876 2081 87.
1924 2023 1995 2081 ib.
2030 2022 2273 2097 Menag.,

196 2111 336 2171 Phot.
373 2115 510 2171 con.
544 2109 664 2173 1'54.
717 2114 979 2170 Brucker.
1008 2115 1129 2171 hist.
1159 2116 1287 2187 phil.
1339 2114 1609 2172 Tom.111.
1645 2133 1702 2192 p.
1733 2120 1853 2172 524.

228 2305 231 2310 Ι
281 2231 366 2307 ’8)
416 2233 507 2290 Εο
562 2244 806 2307 tempore
838 2232 1041 2289 Boeth.
1079 2243 1256 2290 uatum
1305 2251 1428 2292 esse
1468 2230 1664 2290 confici
1713 2242 1894 2306 potest
1942 2252 1974 2289 e
2025 2234 2066 2288 Ι.
2106 2251 2268 2291 carm.

198 2330 241 2386 1,
275 2331 322 2384 9.
356 2338 409 2384 et
441 2346 512 2383 ex
548 2326 765 2382 Ennod.
804 2326 1125 2397 (eucharist.
1164 2328 1234 2383 de
1269 2328 1380 2381 vita
1415 2344 1514 2381 sua
1548 2345 1600 2400 p.
1644 2330 1766 2384 434.
1803 2326 2132 2395 Sirmond.),
2184 2328 2273 2400 qui

197 2436 333 2488 eum,
389 2431 447 2476 ut
499 2430 647 2476 recte
682 2419 850 2475 Baur.
876 2422 1187 2487 ·observat‚
1236 2430 1501 2490 tamquam
1550 2419 1806 2474 iuniorem
1854 2429 2045 2475 tractat
2096 2437 2274 2491 eoque

197 2529 350 2583 auno,
401 2501 511 2588 qno
551 2512 915 2569 Theodericus
965 2529 1058 2567 rex
1092 2511 1292 2568 ltaliam
1328 2513 1603 2578 invaserit,
1648 2529 1820 2567 anuos
1853 2512 1983 2569 XV!
2034 2531 2098 2569 se
2132 2530 2279 2569 oom-

195 2608 407 2678 plevisse
457 2610 549 2664 ait.
620 2606 790 2663 Huius
840 2608 913 2662 de
961 2605 1049 2661 (lie
1093 2604 1297 2661 Boeth.
1361 2608 1524 2660 natali
1582 2608 1880 2662 sententiae
1927 2617 2118 2663 auctor
2171 2618 2273 2674 est,

197 2703 324 2770 quod
371 2704 541 2758 sciam
563 2741 581 2769 ,
634 2701 912 2757 Gellierus
959 2698 1219 2769 (histoire
1268 2696 1484 2770 general
1531 2698 1630 2754 des
1680 2710 1894 2754 auteurs
1944 2697 2126 2755 sacres
2172 2710 2278 2756 cet.

194 2797 236 2846 A
266 2793 413 2850 Paris
466 2797 625 2852 1748.
671 2794 825 2848 Tom.
860 2793 982 2848 XV.
1032 2811 1087 2865 p.
1131 2797 1326 2858 468.),
1389 2809 1545 2863 quem
1577 2793 1748 2847 secuti
1794 2802 1919 2848 sunt
1976 2792 2273 2868 steytay„

195 2884 370 2943 Hand.
415 2897 475 2944 et
515 2885 699 2941 Baur.
719 2926 734 2941 .
771 2885 967 2956 Rota,
1003 2884 1271 2952 Ber-eius,
1309 2884 1565 2957 Heynius
1614 2884 1884 2954 (Censura
1926 2886 2046 2941 libri
2078 2883 2279 2939 Boeth.

196 2979 245 3034 in
274 2978 417 3054 Opp.
455 2980 630 3036 Aeaei.
669 2980 793 3035 Vol.
830 2979 925 3035 v1.
961 2998 1015 3052 p.
1047 2982 1191 3047 146.)
1227 2989 1281 3034 et
1316 2980 1517 3046 ceteri,
1575 2980 1664 3050 qui
1699 2996 1821 3033 eum
1854 2996 1997 3034 auno
2028 2984 2150 3036 455.
2186 2996 2278 3034 na·

198 3079 297 3129 tum
345 3074 684 3137 existimant,
731 3074 785 3127 in
834 3072 1014 3145 plures
1063 3088 1277 3128 errores
1325 3072 1651 3140 inciderunt,
1701 3089 1827 3127 nam
1874 3081 1930 3128 et
1975 3071 2288 3143 philosophi

197 3174 386 3237 patrem
417 3166 610 3221 Praef.
643 3167 788 3220 illum
819 3165 1002 3221 Praet.
1038 3166 1231 3221 eodem
1282 3183 1425 3221 anno
1462 3167 1695 3221 occisum
1715 3206 1731 3233 ,
1789 3182 2016 3236 eumque
2049 3174 2130 3219 ter
2161 3182 2288 3221 con·

202 3258 358 3314 sulatu
392 3259 637 3315 functum
688 3274 810 3313 esse
848 3258 1049 3329 opinati
1084 3266 1235 3314 sunt:
1285 3277 1422 3330 quae
1474 3261 1708 3332 suspicio
1756 3276 2012 3332 perversa
2059 3258 2289 3313 chrono-

197 3348 362 3424 logiae
397 3360 695 3425 repugnat,
726 3348 966 3405 vd.‘not.
1000 3357 1082 3409 10.
1122 3362 1177 3405 et
1210 3349 1564 3423 Hagenbuch.
1599 3353 1635 3406 1.
1669 3354 1706 3407 l.
1742 3372 1796 3424 p.
1825 3359 1911 3410 98.
1945 3359 2063 3408 100.
2087 3381 2148 3392 --

322 3460 382 3525 4)
422 3454 668 3510 Cassiod.
709 3453 908 3510 (Ru-on.
943 3473 1002 3531 p.
1029 3460 1147 3511 700.
1187 3454 1297 3522 (ed.
1334 3452 1541 3509 Gener.
1580 3456 1756 3523 1650.)
1807 3453 2021 3509 Ennod.
2059 3452 2204 3524 vm,
2244 3461 2287 3511 l.

204 3545 303 3603 Gur
349 3548 498 3604 hunc
544 3549 717 3603 virum
753 3545 938 3602 Baur.
969 3546 1137 3602 Flavii
1170 3545 1243 3601 B.
1279 3545 1460 3602 Praef.
1495 3544 1677 3601 Praet.
1711 3557 1963 3619 nepotem
2010 3549 2291 3612 censuerit,

209 3651 258 3697 et
290 3660 380 3700 cur
416 3641 614 3698 Hand.
651 3658 770 3697 oum
801 3638 1048 3713 Ouuphr.
1081 3640 1307 3696 Pauvin.
1343 3641 1458 3708 (vd.
1491 3638 1636 3694 Fast.
1674 3638 1861 3710 Cous.)
1898 3641 2071 3696 eidem
2102 3640 2294 3698 Manlii

205 3732 383 3791 Sever.
419 3737 640 3791 nomina
671 3735 927 3801 tribuerit,
963 3717 1066 3806 ego
1116 3735 1326 3806 quidem
1376 3751 1487 3789 uon
1521 3733 1717 3792 videm
1773 3750 1934 3789 avum
1985 3733 2293 3808 philosophi

207 3824 439 3885 Flavium
474 3826 676 3884 Boeth.
713 3828 882 3884 fuisse
914 3829 1056 3882 bene
1088 3825 1330 3901 Hagenb.
1368 3845 1420 3900 p.
1460 3831 1546 3884 82.
1584 3830 1684 3883 105
1714 3844 1834 3897 sqq.
1870 3828 2067 3884 docuit.

335 3926 417 3992 5)-
453 3919 537 3977 Cf.
592 3919 835 3978 Cassiod.
890 3919 1091 3975 Chrou.
1141 3921 1209 3976 ad
1273 3939 1323 3974 a.
1373 3924 1493 3978 455.
1551 3937 1606 3992 p.
1643 3925 1763 3978 699.
1815 3920 2058 3993 Hagenb.
2107 3940 2161 3993 p.
2210 3924 2293 3979 32.

209 4009 368 4069 Baur.
407 4031 465 4086 p.
501 4018 554 4072 5.
1250 4016 1259 4027 ’
2395 4000 2402 4007 ’

337 4111 402 4180 6)
442 4108 549 4164 vd.
589 4105 754 4162 Gons.
791 4106 919 4178 phil.
948 4104 1022 4174 ll,
1048 4109 1099 4164 8.
1136 4124 1193 4178 p.
1224 4111 1312 4173 24,
1349 4112 1401 4164 7.
1471 4104 1581 4166 Qui
1615 4108 1716 4164 viri
1758 4108 1834 4165 im
1879 4109 2102 4172 fuerint,
2140 4125 2299 4178 quae·

209 4201 349 4256 titur.
435 4199 641 4256 Vallia.
682 4201 779 4273 (p.
809 4201 911 4268 3.)
929 4235 946 4263 ,
999 4198 1192 4259 amad.
1230 4209 1286 4256 et
1332 4199 1516 4256 Baur.
1552 4200 1925 4272 Symmachum
1974 4220 2022 4256 a.
2053 4200 2172 4258 485.
2212 4200 2301 4255 Os,

209 4295 318 4362 (vd.
353 4295 544 4350 Alcimi
575 4295 718 4350 Aviti
751 4293 928 4367 Epist.
950 4298 1036 4352 31.
1085 4290 1298 4359 Euand-
1330 4312 1414 4365 ep.
1447 4293 1570 4361 vn,
1599 4299 1708 4363 25.)
1748 4306 1801 4350 et
1836 4296 2046 4350 Festum
2075 4295 2305 4364 intellegi

201 4389 423 4453 volunt,
495 4389 578 4442 mi
633 4390 866 4461 opinioni
921 4388 1045 4442 nihil
1096 4389 1294 4442 obstat.
1382 4387 1656 4443 Lmtdatur
1710 4398 1932 4458 uterque
1953 4463 1958 4469 Ι
1978 4390 2049 4444 ab
2091 4387 2307 4443 Eunod.
