2867 5125
624 442 825 491 xnvm
1332 423 2036 490 Ptonnoou.

628 593 916 680 Iosopha
967 614 1101 661 non
1147 606 1302 662 sunt
1361 592 1671 680 neglecta
1686 641 1706 678 ,
1770 610 1922 659 nam
1972 612 2054 660 ea
2098 592 2456 679 explicavit
2520 593 2721 660 sociis·

632 705 1097 772 Meinwerkius
1122 707 1184 793 ⁸)
1218 707 1734 785 Paterbrunnae,
1772 704 2008 789 Poppo
2037 704 2387 771 Fuldensis
2412 708 2473 788 ⁰)
2517 706 2581 771 in
2615 723 2716 769 ca·

631 819 925 903 tegor-ias
967 816 1341 887 Aristotelis
1382 838 1425 884 a
1469 815 1745 882 Boethio
1789 816 1856 880 in
1896 815 2162 881 latinam
2193 814 2483 901 linguam
2517 826 2713 881 trans-

625 928 798 995 latas
854 939 1328 995 commentatus
1387 939 1511 1010 est,
1568 926 1804 992 Bruno
1864 925 2409 1009 Corbeiensis²⁰)
2473 927 2537 991 in
2583 924 2715 991 ,hos

630 1041 713 1105 de
757 1038 1032 1106 consoI.-
1088 1030 1256 1106 Phil.
1317 1038 1523 1105 libros
1577 1038 2105 1104 commentarium
2169 1040 2542 1123 composuit
2582 1058 2720 1102 eos-

636 1171 765 1236 que
806 1151 1097 1216 imitatus
1140 1150 1705 1234 estMalchus11).
1760 1149 1824 1215 A
1858 1146 2093 1232 Gallis,
2113 1149 2222 1235 qui
2239 1148 2497 1215 Boethii
2528 1149 2724 1214 libros

636 1262 981 1345 diligenter
1020 1260 1342 1347 legerunt,
1386 1271 1654 1346 'praeter
1688 1257 1967 1324 ceteros'
1991 1260 2254 1325 nomino
2306 1258 2726 1324 Hincmarum

637 1374 1048 1441 Rlzemensem
1108 1373 1327 1456 (882.)
1352 1375 1470 1458 ¹²),
1533 1372 1898 1436 Honorium
1957 1371 2605 1459 Aveymtoduneusem
2630 1362 2721 1455 Η’)’

632 1504 769 1550 sec.
826 1483 977 1549 ΧΠ.
1037 1484 1361 1568 insignem
1378 1526 1436 1563 „
1468 1493 1536 1549 et
1613 1482 2013 1548 Vincentium
2054 1483 2583 1550 Bellovacemem
2610 1487 2727 1563 ¹⁴),

634 1596 746 1680 qui
786 1595 854 1660 in
898 1593 1192 1680 speculis
1213 1595 1353 1660 suis
1396 1605 1465 1659 et
1503 1597 1573 1658 in
1615 1593 1962 1659 doctrinali
2006 1606 2072 1660 et
2103 1596 2171 1660 in
2215 1593 2542 1661 historiali
2577 1590 2730 1660 mul·

638 1715 748 1770 tos
791 1725 1016 1770 eorum
1072 1703 1263 1771 locos
1324 1703 1575 1783 laudat,
1618 1724 1658 1769 e
1701 1705 1938 1793 quibus
1981 1716 2097 1771 aut
2136 1726 2273 1772 sec.
2317 1706 2490 1771 XIII.
2539 1703 2728 1771 codd.

639 1816 708 1880 iu
745 1815 966 1882 Gallia
1007 1826 1324 1882 exaratos
1363 1817 1496 1881 iam
1540 1827 1888 1901 corruptos
1918 1816 2149 1896 fuisse,
2180 1829 2295 1882 aut
2321 1816 2740 1885 Vincentitim

642 1924 761 1992 illa
803 1926 1061 1993 Boethii
1119 1928 1296 1993 dicta
1351 1947 1392 1992 e
1456 1929 1791 1993 memoria.
1829 1927 2133 1993 attulisse
2191 1928 2523 2012 suspicari
2563 1927 2734 1992 licet.

637 2038 694 2103 E
756 2037 983 2123 Belgis
1040 2038 1473 2124 scriptoribus
1518 2037 1878 2126 Sieyeberti
1953 2039 2430 2105 Gemblacensis
2454 2045 2473 2076 ¹
2491 2044 2585 2121 5),
2634 2037 2740 2125 qui

635 2171 771 2217 sec.
829 2148 943 2216 XI.
1000 2148 1255 2230 claruit,
1315 2152 1708 2217 mentionem
1764 2149 2023 2216 faciam.
2133 2151 2205 2215 In
2266 2148 2454 2216 Italia
2519 2162 2737 2217 autem

636 2263 790 2330 inde
858 2284 901 2327 a
963 2262 1178 2327 medio
1244 2281 1380 2327 sec.
1448 2261 1616 2327 VIII.
1660 2261 1916 2328 litterae
1985 2260 2331 2348 neglectae
2375 2262 2742 2344 iacuerunt,

553 2431 606 2455 ,,
641 2376 857 2440 donec
898 2373 1069 2438 XIII.
1122 2373 1311 2458 quasi
1356 2393 1394 2437 e
1437 2393 1716 2458 sompno
1747 2376 2187 2440 excitarentur
2214 2377 2344 2455 ²⁶):
2391 2374 2542 2453 sed,
2592 2393 2744 2459 quo·

639 2486 818 2553 niam
877 2482 1027 2578 libri
1081 2484 1217 2551 rari
1278 2496 1504 2567 eraut,
1559 2504 1776 2574 papae
1832 2478 2079 2550 seculis
2137 2480 2395 2549 duobus
2459 2495 2624 2572 post
2680 2483 2744 2548 in

769 2673 833 2743 8)
885 2668 1244 2727 Meinwerkio
1293 2671 1428 2727 duce
1472 2666 1703 2727 Paderb.
1756 2688 1942 2726 omnes
1986 2680 2186 2744 poetae
2227 2663 2587 2742 legebantur,
2655 2668 2742 2726 vd.

639 2766 755 2821 eius
785 2763 947 2819 vitam
990 2764 1073 2819 ed.
1104 2765 1172 2820 ab
1209 2758 1516 2820 Overltam.
1553 2784 1610 2837 p.
1646 2772 1764 2823 100.

769 2859 828 2926 9)
867 2853 1030 2911 Trith.
1067 2853 1268 2914 Chron.
1299 2853 1542 2930 Hit-sang.
1579 2863 1770 2930 p.113.
1845 2852 2100 2913 Eckard.
2133 2849 2456 2928 Wurzburg.
2488 2854 2545 2932 in
2580 2857 2747 2912 libro:

636 2952 954 3006 consolatio
988 2951 1104 3006 sive
1138 2951 1370 3005 laterna
1404 2947 1820 3006 monachorum
1855 2944 2055 3004 Boeth.
2089 2951 2317 3004 imitatus
2365 2967 2488 3004 esse
2539 2951 2744 3004 dicitur.

775 3044 866 3113 10)
916 3044 1020 3098 vd.
1074 3061 1191 3116 cap.
1225 3042 1291 3098 11.
1343 3055 1455 3098 not.
1489 3050 1571 3102 39.
1698 3047 1786 3112 11)
1842 3037 2128 3100 Schmidt.
2181 3043 2250 3098 de
2294 3041 2476 3097 ccbasi
2530 3042 2747 3114 captivi.

634 3132 918 3193 Bielefeld.
961 3139 1109 3194 1841.
1165 3137 1377 3209 (progr.
1408 3134 1605 3203 schol.)
1636 3140 1688 3193 4.
1798 3138 1893 3207 12)
1940 3129 2030 3190 De
2073 3132 2397 3207 praedestin.
2436 3129 2478 3190 l.
2539 3155 2597 3208 p.
2631 3142 2746 3194 211.

637 3233 733 3303 13)
769 3232 876 3286 Vd.
908 3249 1022 3304 cap.
1061 3229 1122 3285 ll.
1158 3240 1268 3304 not.
1302 3237 1388 3288 42.
1499 3232 1587 3299 14)
1620 3230 1768 3285 Usus
1805 3247 1923 3284 sum
1967 3228 2091 3283 edit.
2122 3221 2566 3300 NorimbergenS.
2609 3221 2749 3300 apud

633 3319 937 3398 Koburger.
973 3325 1144 3388 1486„
1179 3324 1450 3395 speculum
1482 3326 1683 3378 morale
1728 3334 1780 3378 et
1811 3323 2051 3378 naturale
2087 3320 2444 3377 nanciscInon
2474 3325 2657 3395 potui.
2681 3347 2742 3362 -·

634 3415 845 3472 Eodem
899 3416 1012 3471 sere
1054 3425 1298 3487 tempore
1345 3414 1648 3470 versionem
1681 3415 1935 3469 Gallicam
1982 3412 2214 3471 confecit
2263 3411 2406 3470 [ean
2443 3413 2521 3470 de
2554 3415 2742 3471 Mean

634 3509 963 3583 (Clopinel).
1035 3503 1094 3563 ln
1123 3507 1246 3563 bibl.
1294 3508 1533 3562 academ.
1573 3507 1782 3564 lenens.
1831 3509 1943 3563 eius
1989 3505 2109 3562 cod.
2157 3508 2375 3562 membr.
2428 3524 2480 3562 a.
2525 3514 2688 3566 1476.
2719 3525 2753 3560 a

632 3601 1037 3658 Davidaubert
1067 3602 1194 3669 (sic)
1224 3602 1388 3656 nitide
1417 3601 1665 3670 scriptus·
1691 3618 1757 3654 ac
1790 3598 2202 3671 Marquaritae
2232 3597 2624 3673 d'enqleterre
2660 3602 2758 3656 du⁴

636 3695 828 3751 obesse
871 3697 944 3750 de
986 3696 1332 3768 bquoinye
1376 3693 1649 3749 dedicatus
1694 3703 2016 3748 asservatur.
2083 3693 2189 3746 vd.
2225 3693 2293 3747 de
2337 3694 2427 3747 Illa
2461 3696 2752 3766 interpret.

636 3786 949 3864 Maittm‘re
977 3788 1117 3843 Ann.
1148 3798 1357 3859 typogr.
1395 3786 1434 3842 l.
1474 3805 1525 3858 p.
1555 3791 1675 3843 441.
1697 3826 1713 3853 ,
1752 3784 2022 3859 Freytaq.
2054 3783 2087 3839 1.
2127 3784 2162 3839 l.
2183 3825 2199 3853 ,
2230 3786 2322 3840 ubi
2369 3788 2534 3843 etiam
2576 3790 2753 3861 speci⁴

630 3896 754 3936 men
785 3880 991 3952 legitur.
1014 3910 1070 3923 -—·
1144 3881 1368 3937 Joumal
1404 3881 1472 3935 de
1489 3879 1697 3933 Savans
1733 3879 1915 3948 (1718.
1952 3883 2098 3934 Aout
2133 3894 2184 3951 p.
2219 3882 2362 3947 140.)
2399 3880 2553 3935 hunc
2588 3881 2758 3936 nomia
2836 3891 2837 3894 ’

636 3981 729 4027 nat
757 3974 990 4027 titulum:
1042 3974 1126 4029 Le
1169 3973 1405 4029 Roman
1435 3973 1526 4048 ⁸de
1560 3972 1795 4043 fortune
1833 3980 1891 4028 et
1936 3972 2009 4027 de
2048 3972 2280 4043 felicit&
2316 3989 2416 4027 sur
2450 3972 2658 4045 Boesse
2689 3974 2764 4029 de

638 4066 994 4122 consolation
1044 4069 1312 4140 compose'
1358 4084 1413 4121 a.
1442 4071 1610 4119 1336.
1636 4083 1765 4138 par
1809 4065 2000 4137 freres
2034 4066 2348 4138 Reymzuld
2401 4067 2472 4120 cle
2526 4067 2765 4123 Lovens

629 4151 731 4213 des
777 4159 968 4231 freres
1011 4157 1409 4231 prochans.—-
1469 4157 1704 4214 Imitatus
1750 4169 1833 4214 est
1879 4155 2082 4214 Boeth.
2137 4160 2293 4214 etlam
2349 4157 2429 4213 Io.
2474 4159 2762 4216 Char-lor.

625 4250 905 4334 (Ger-³021)
957 4255 1034 4305 in
1079 4251 1357 4307 consol.
1405 4251 1735 4324 theoloq.
1966 4252 2055 4320 15)
2092 4251 2180 4307 De
2213 4254 2311 4307 vir.
2347 4252 2541 4308 illustr.
2585 4273 2639 4309 c.
2672 4259 2762 4311 37.

623 4346 714 4414 16)
749 4345 1016 4401 Haerent
1073 4343 1271 4400 Gesch.
1325 4344 1421 4400 der
1469 4337 1645 4401 class.⁸
1671 4344 1965 4402 Litteratur
2014 4347 2087 4401 iun
2136 4346 2447 4402 Mittelalter
2491 4347 2566 4402 T.
2610 4347 2670 4403 1.
2713 4361 2765 4421 p.

618 4442 719 4497 281
758 4455 877 4510 sqq.
