2867 5125
597 352 768 427 ‘146
1168 359 2214 443 AnjnorA‘rxonsss

646 537 867 614 legisse
910 534 1179 594 videtur:
1225 535 1323 591 καὶ
1367 531 1536 608 ὁμοίῃ
1585 535 1761 592 εἰκόνι
1806 537 2060 605 unove-512.
2095 565 2165 576 —-
2256 530 2351 590 10.
2404 530 2579 588 elem.
2627 533 2722 607 lig.

651 638 744 695 vd.
793 637 972 695 Mart.
1020 635 1257 712 Capell.
1307 629 1361 707 I,
1413 635 1469 691 1.

816 738 968 814 Cap.
1019 740 1095 798 X.
1145 758 1205 815 p.
1260 736 1360 796 58.
1413 734 1473 793 4.
1534 735 1774 812 aliquid
1832 735 2014 794 etiam
2068 736 2154 796 Χ.
2201 766 2283 778 -
2369 753 2433 810 p.
2495 732 2615 806 59,
2675 728 2723 791 7.

598 841 602 851 '
647 838 977 919 procedat]
1023 842 1162 900 Hoc
1205 839 1456 899 verbum
1499 837 1775 897 formulis
1824 828 2154 896 similibus:
2217 854 2451 896 emesa
2507 841 2728 896 verita-

653 948 770 1018 tis,
831 945 982 1003 ordo
1033 958 1209 1018 proc.
1274 945 1391 1001 etc.
1456 958 1613 1017 quae
1677 941 1843 1017 apud
1884 936 2103 999 Boeth.
2168 936 2525 1014 frequentes
2577 944 2728 1012 sunt,

653 1045 1080 1119 confirmatur,
1138 1046 1235 1106 vd.
1280 1041 1425 1118 lll‚.
1467 1044 1562 1102 12.
1614 1061 1674 1119 Ρ.
1725 1041 1841 1117 67,
1890 1040 1987 1104 10.
2068 1043 2191 1114 IV,
2235 1038 2296 1099 6.
2338 1061 2400 1118 p.
2453 1041 2575 1115 88,
2636 1041 2728 1100 25.

652 1153 722 1222 V,
772 1149 828 1207 1.
875 1168 936 1225 p.
985 1147 1091 1222 99,
1135 1149 1191 1209 9.
1242 1150 1312 1222 V,
1357 1147 1415 1207 3.
1463 1166 1526 1222 p.
1578 1142 1719 1217 102,
1764 1144 1825 1203 8.
1916 1146 2201 1221 Ceterum
2246 1145 2409 1222 conf.
2451 1153 2553 1204 est
2594 1146 2731 1203 scri-

654 1253 920 1312 bendum
966 1271 1099 1312 esse
1141 1253 1261 1311 iam
1306 1266 1494 1327 supra
1533 1266 1595 1325 p.
1646 1247 1787 1308 145.
1834 1252 2059 1308 monui.
2088 1280 2171 1292 —-·-
2232 1269 2293 1326 p.
2343 1245 2446 1320 59,
2491 1244 2592 1303 20.
2637 1242 2730 1324 eo]

654 1358 752 1417 Ita
798 1372 939 1435 cum
982 1353 1161 1414 codd.
1214 1354 1457 1430 optimis
1502 1352 1759 1427 scripsi,
1809 1352 1916 1411 sed
1977 1351 2128 1409 deus
2175 1352 2321 1427 quin
2365 1350 2733 1429 intelligatur

658 1461 807 1519 nihil
853 1460 1077 1518 obstat·
1122 1489 1208 1500 —-
1293 1476 1353 1533 p.
1404 1452 1519 1527 60,
1567 1453 1625 1512 6.
1673 1452 1848 1534 sunt]
1907 1454 2224 1513 Indicativ.
2288 1457 2368 1514 ob
2414 1454 2735 1530 appositio-

659 1581 818 1635 nem,
878 1579 1035 1635 quae
1093 1561 1349 1616 vocatur
1391 1556 1678 1634 relativa,
1738 1561 2019 1635 reposui,
2063 1559 2159 1617 vd.
2208 1555 2340 1632 ΠΙ,
2392 1557 2489 1618 11.
2536 1576 2602 1633 Ρ.
2641 1553 2736 1629 65,

662 1665 762 1725 22.
825 1664 928 1736 lv,
975 1661 1039 1720 7..
1075 1680 1138 1738 Ρ.
1185 1658 1286 1734 96,
1333 1660 1460 1735 25.,
1504 1664 1720 1719 contra
1759 1661 1863 1734 IV,
1910 1661 1972 1720 2.
2019 1681 2080 1738 p.
2132 1662 2231 1737 77,
2270 1660 2371 1720 21.
2435 1661 2735 1718 coniunct.

661 1765 1076 1837 necessariae,
1123 1763 1284 1820 sicut
1330 1763 1508 1821 etiam
1553 1763 1673 1838 IV,
1720 1762 1779 1821 4.
1825 1783 1889 1839 Ρ.
1937 1764 2053 1840 84,
2105 1759 2204 1824 20.
2254 1763 2357 1823 23.
2416 1764 2523 1821 ubi
2565 1760 2736 1840 vulgo

659 1870 840 1928 indic.
891 1867 1227 1946 legebatur.
1273 1895 1358 1907 —-
1444 1884 1507 1941 Ρ.
1556 1862 1659 1938 60,
1705 1864 1802 1924 15.
1849 1884 1921 1925 re
1964 1866 2085 1926 hac
2127 1871 2270 1944 ipsa
2301 1900 2399 1924 ...
2426 1864 2589 1943 firm.
2634 1867 2739 1923 deo

659 1990 775 2031 nec
818 1972 982 2048 dign.
1024 1964 1191 2027 Van.
1239 1966 1335 2024 ed.
1385 1965 1444 2024 1.
1495 1999 1580 2010 --
1666 1987 1729 2044 Ρ.
1779 1965 1881 2044 61,
1928 1966 1985 2024 7.
2034 1965 2140 2046 ac]
2186 1967 2384 2047 Vulgo
2430 1968 2532 2026 hic
2576 1971 2638 2028 et
2675 1966 2739 2039 V,

666 2074 721 2130 1.
768 2073 849 2129 in.
899 2077 980 2145 et,
1026 2069 1298 2144 quamvis
1346 2066 1527 2126 codd.
1570 2087 1651 2127 ac
1693 2068 1833 2127 loco
1875 2073 2136 2146 utroque
2185 2071 2538 2130 exhibeant:
2596 2071 2655 2126 in
2694 2070 2746 2127 Α

663 2172 933 2232 eamdem
975 2170 1352 2247 particulam
1395 2165 1506 2231 111.
1555 2188 1741 2230 carm.
1788 2171 1848 2247 4,
1892 2170 1951 2231 2.
1997 2175 2222 2250 reperi,
2265 2173 2370 2232 ubi
2416 2172 2742 2230 sententiae

662 2276 818 2332 bene
863 2273 1163 2346 convenit.
1256 2272 1408 2330 Cum
1452 2293 1532 2332 ac
1567 2277 1931 2351 particulam
1976 2277 2117 2334 ante
2166 2278 2573 2371 consonantes
2618 2276 2745 2331 tam⁴

661 2383 792 2436 tum
817 2372 1074 2436 ¹litteras
1134 2394 1334 2450 neque
1397 2377 1539 2435 ante
1599 2379 1842 2439 vocales
1903 2378 2049 2454 poni
2109 2379 2255 2435 satis
2314 2380 2591 2452 constet,
2647 2370 2744 2451 IV,

663 2478 722 2538 3.
767 2496 830 2554 Ρ.
880 2475 1001 2551 80,.
1028 2477 1088 2536 4.
1137 2496 1276 2537 cum
1317 2478 1469 2536 vall.
1522 2484 1707 2557 atque
1750 2484 2013 2540 inconst.
2059 2480 2266 2556 recepi
2309 2483 2372 2539 et
2411 2480 2643 2538 Comm.
2687 2479 2747 2535 111

662 2582 819 2656 Top.
867 2579 993 2637 Cic.
1042 2599 1106 2655 p.
1155 2580 1300 2655 275,
1351 2581 1452 2638 22.
1497 2581 1719 2658 facult.
1768 2594 1955 2664 atque
1999 2583 2190 2665 (Bait.
2237 2580 2345 2663 ac)
2403 2579 2750 2644 inveniendi

659 2682 986 2742 materiam
1026 2699 1060 2739 e
1107 2680 1287 2740 codd.
1338 2683 1600 2763 corrigo.
1636 2715 1754 2757 --,
1804 2706 1866 2763 Ρ.
1914 2686 2017 2762 61,
2067 2688 2164 2747 12.
2214 2679 2436 2762 Cuius]
2483 2684 2747 2758 ,Huius3

662 2783 828 2844 olere
872 2781 1159 2841 mendum
1203 2785 1337 2860 quis
1383 2781 1619 2866 neget?
1681 2790 1903 2865 Mscpt.
1949 2791 2143 2851 Cuius·
2182 2791 2294 2848 rei.
2366 2786 2504 2847 Non
2550 2783 2748 2843 male-⁴

660 2890 858 2947 Rern.
904 2883 1015 2942 va.
1062 2878 1106 2958 1,
1147 2884 1206 2942 4.
1254 2905 1316 2962 p.
1363 2885 1462 2961 10,
1507 2887 1603 2948 11.
1643 2922 1729 2933 -
1813 2910 1874 2966 p.
1925 2888 2026 2963 61,
2078 2890 2174 2980 15.
2218 2892 2411 2966 Atqui
2448 2920 2536 2933 -
2580 2880 2748 2965 sunt]
2845 2871 2861 2897 ⁴

663 2989 818 3049 Cum
858 2987 1143 3067 Freytag.
1190 2989 1343 3049 haec
1389 2990 1577 3050 verba
1617 2990 2049 3069 Philosophiae
2092 2993 2278 3051 tribui
2321 3009 2461 3049 cum
2509 2994 2573 3050 et
2617 2988 2745 3049 edd.
2859 3017 2860 3024 1

663 3095 809 3152 vett.
856 3094 919 3150 et
960 3091 1226 3150 Thomas
1266 3092 1447 3150 Wolf.
1500 3095 1828 3169 ceterique,
1873 3098 1977 3170 qui
2022 3091 2493 3157 interlocutores
2537 3091 2750 3149 litteris

666 3195 1097 3273 signaverunt,
1183 3192 1444 3252 Boethio
1522 3197 1729 3272 inepte
1787 3198 2081 3257 tribuunt.
2203 3196 2550 3259 Nobiscum⁴
2610 3194 2753 3254 facit

666 3315 909 3374 quoque
951 3296 1152 3353 bonus
1195 3294 1299 3355 ille
1342 3298 1609 3357 Thomas
1653 3302 1961 3376 Aquinas!

834 3399 1034 3458 Carm-
1094 3397 1191 3472 X,
1250 3399 1312 3458 3.
1377 3400 1698 3482 habitans]
1756 3405 1936 3465 Hanc
1991 3399 2171 3460 codd.
2238 3403 2365 3477 opt.
2421 3399 2753 3461 lectionem

668 3501 989 3563 confirmat
1042 3500 1304 3560 Planud.
1324 3520 1343 3559 x
1398 3500 1814 3574 'Evtoefifl'fi'uste
1856 3503 2060 3566 πάντες
2095 3499 2407 3573 αἰχᾶλωτοι,
2441 3495 2544 3566 οὕς
2581 3499 2753 3572 φέναξ

667 3591 869 3666 desae?
898 3599 1218 3667 βδελυραῖσι
1271 3602 1481 3669 σειραῖς
1515 3596 1688 3650 οἰνῶν-
1717 3594 1778 3651 {v
1809 3596 2067 3668 χθονίοις
2101 3592 2241 3663 ἔρως
2272 3599 2571 3664 λογισμοῖς.
2626 3584 2753 3647 “Ηδ’

549 3710 551 3713 ⁴
669 3694 838 3755 {cerff
887 3693 938 3774 ζ
929 3691 1152 3771 Haec)
1203 3693 1339 3766 ’ὑμῖν
1386 3693 1657 3764 καμάτοιο
1706 3698 1910 3751 παῦλα.
1995 3695 2221 3755 Hebet.
2287 3693 2456 3785 quod
2525 3691 2757 3752 induxit

671 3794 898 3869 Pulm.,
942 3796 1329 3871 amplectitur
1372 3796 1553 3853 etiam
1574 3796 1810 3855 Weber.

844 3896 993 3973 Cap.
1039 3897 1147 3958 xl.
1195 3898 1279 3955 iu.
1320 3893 1605 3975 Infinita]
1669 3899 1806 3957 Hac
1841 3900 2319 3971 constructione,
2364 3914 2547 3973 quam
2571 3889 2755 3954 Bern-

675 4015 919 4074 quoque
981 3997 1264 4071 defend.,
1326 3999 1573 4073 saepius
1639 4004 1831 4061 utitur
1890 4005 2187 4081 scriptor,
2232 4001 2311 4060 cf.
2356 4017 2421 4077 p.
2470 3995 2595 4057 759
2639 3998 2753 4057 etc.

677 4101 772 4159 ed.
823 4099 993 4159 Glar.
1038 4130 1125 4145 --
1210 4087 1272 4177 Ρ.
1323 4097 1425 4175 64,
1472 4101 1571 4161 22.
1621 4099 1879 4182 tegitur]
1947 4105 2137 4164 Uncis
2196 4102 2420 4164 inclusi
2462 4100 2580 4159 hoc
2625 4112 2757 4156 ver-

675 4204 838 4279 bum,
881 4203 1044 4280 quod
1092 4205 1284 4262 omitti
1327 4221 1513 4279 posse
1557 4206 1709 4265 Vall.
1757 4209 1877 4266 iam
1919 4205 2088 4265 vidit.
2153 4205 2557 4264 Inveniuntur
2601 4199 2758 4260 enin

676 4305 815 4380 loci,
858 4309 920 4368 in
965 4308 1184 4383 quibus
1226 4308 1448 4387 intpp,
1495 4309 1617 4367 sive
1660 4309 1824 4382 quod
1867 4308 2312 4368 enuntiationes
2356 4302 2614 4368 distrahi
2659 4315 2758 4359 vo*
