2867 5125
869 427 1007 471 An
1101 422 1403 473 2182.
1489 407 1545 473 1.
2108 406 2235 473 129

158 579 268 652 xl,
311 579 409 641 29.
454 582 607 641 milti
660 589 982 643 narratur.
1067 580 1281 642 Multis
1337 584 1544 642 tamen
1597 582 1663 640 in
1719 578 1874 642 locis
1930 579 2228 644 ablativus

158 669 281 741 cum
325 684 563 759 passivo
624 684 988 740 coniunctus
1048 684 1310 763 legitur,
1371 702 1551 760 quem
1610 683 1807 760 intpp.
1850 703 1966 763 pro
2026 685 2227 745 dativo

156 781 514 857 habuerunt,
575 782 727 840 Hor.
791 784 920 840 Sat.
976 782 1044 857 1,
1106 782 1179 858 6,
1246 783 1384 845 160.
1445 790 1641 846 c'oena
1698 774 2090 846 ministratur
2147 793 2224 846 tr.

150 889 393 963 pueris3
436 883 926 958 frequentissime
973 883 1141 960 apud
1181 886 1367 944 verba
1411 888 1663 947 dicendi
1704 892 1856 964 etc.,
1922 892 2042 949 vd.r
2071 891 2224 948 Hor.

152 983 331 1043 Carm.
378 986 430 1058 Ι,
478 983 536 1058 6,
583 987 642 1046 4.
731 986 1046 1046 Scriberis
1090 986 1284 1044 Vario
1466 990 1651 1062 alite,
1708 991 1811 1048 ubi
1873 990 2227 1050 Dillenbur-

128 1084 262 1164 'gen
349 1066 634 1166 (Quaest.
679 1087 896 1147 Horat.
941 1087 993 1158 Ι,
1037 1104 1098 1161 p.
1147 1084 1443 1165 8—11.)
1490 1090 1645 1148 male
1704 1092 2016 1151 Passerat.
2080 1109 2228 1149 con-

148 1189 426 1249 iecturam
486 1191 626 1249 aliti
684 1185 989 1259 defendit,
1035 1187 1229 1246 Tacit.
1276 1189 1436 1247 Ann.
1480 1190 1547 1262 I,
1605 1190 1660 1253 1.
1702 1191 1806 1264 IV,
1855 1192 1932 1269 6.,
1999 1196 2225 1254 Obbar.

146 1289 215 1347 ad
255 1292 408 1350 Hor.
453 1291 569 1367 ΕΡ.
613 1285 676 1363 Ι,
729 1288 799 1363 1,
847 1288 945 1348 94.
992 1308 1054 1365 p.
1101 1287 1202 1347 97.
1295 1290 1433 1348 Huc
1494 1291 1674 1348 etiam
1733 1296 2003 1368 pertinet
2065 1296 2227 1354 Boe·

142 1392 241 1449 thii
282 1395 353 1467 V,
400 1393 460 1452 4.
508 1413 570 1470 p.
622 1390 778 1465 105,
824 1391 881 1449 2.
949 1409 1069 1466 quo
1115 1393 1356 1468 agitata
1413 1391 1573 1449 idem
1634 1393 1801 1451 valet
1846 1396 2009 1470 quod
2052 1404 2224 1455 trac·-

140 1498 263 1550 tata
308 1497 372 1553 et
420 1495 511 1554 M.
555 1494 755 1552 Tullio
815 1511 936 1550 non
999 1491 1159 1564 dat.,
1217 1491 1329 1550 sed
1388 1492 1575 1552 ablat.
1625 1498 1754 1568 est,
1800 1514 1998 1571 neque
2048 1496 2227 1572 quid·

142 1610 310 1667 quam
370 1596 599 1667 refert,
659 1593 823 1669 quod
885 1593 1065 1650 dativ.
1126 1596 1641 1668 pronominis
1701 1612 1838 1653 cum
1902 1598 2226 1672 participio

136 1699 427 1771 sequitur.
514 1695 651 1754 Non
710 1695 1070 1753 mutavimus
1127 1688 1217 1771 ΙΙ,
1277 1692 1336 1751 7.
1395 1714 1459 1770 p.
1523 1693 1637 1770 36,
1703 1694 1800 1754 15.
1856 1717 1897 1755 a
1940 1699 2224 1758 nobis...

132 1799 456 1874 incolatur,
501 1800 643 1874 quia
686 1800 748 1857 Α
785 1799 848 1854 et
893 1797 1192 1854 Victoria.
1234 1794 1293 1853 I.
1340 1798 1707 1871 particulam
1750 1818 1792 1855 a
1835 1802 2080 1855 servant
2126 1796 2228 1875 [ex

130 1900 634 1977 interpretatione
690 1897 942 1959 Notker.
1000 1898 1063 1954 in
1126 1897 1256 1955 eius
1317 1899 1454 1956 cod.
1523 1900 2039 1975 praepositionem
2100 1918 2224 1958 non

130 2000 313 2060 fuisse
374 2003 641 2059 fortasse
688 1998 974 2057 concludi
1020 2002 1263 2077 potest:
1313 2000 1417 2060 ta'z
1464 2001 1524 2058 εἳ
1570 2000 1699 2058 emt
1740 2000 1919 2058 nobis
1959 2002 2225 2076 cognitis

125 2103 222 2162 τάκ
267 2103 403 2164 ch‘z't
446 2103 506 2161 εἳ
547 2121 630 2158 ex
668 2118 945 2174 persona
988 2094 1340 2178 hominum]
1371 2101 1482 2159 sed
1524 2101 1602 2160 ad
1647 2099 1999 2159 eorumdem
2044 2099 2223 2163 codd.

123 2200 303 2263 fidem
349 2200 875 2281 praepositionem
936 2199 1267 2259 delevimus
1309 2194 1426 2275 111,
1475 2197 1575 2260 10.
1619 2220 1682 2277 Ρ.
1731 2197 1852 2275 60,
1898 2199 1956 2261 3.
2016 2205 2079 2261 et
2119 2197 2222 2277 111,

123 2302 219 2363 11.
263 2324 331 2382 p.
381 2302 489 2377 63,
538 2302 596 2361 2.

286 2441 356 2499 p.
412 2420 511 2495 15,
564 2417 659 2479 19.
718 2422 1219 2505 conquestusque*
1261 2414 1428 2498 non]
1490 2423 1803 2486 omittitur
1859 2424 2025 2485 haud
2079 2444 2223 2495 raro

117 2525 376 2584 verbum
448 2522 894 2582 substantivum
960 2538 1098 2580 cum
1161 2522 1324 2599 apud
1389 2525 1652 2599 optimos
1714 2528 2047 2604 scriptores
2105 2528 2221 2608 (cf.

118 2625 349 2685 Obbar.
420 2623 497 2682 ad
559 2624 776 2682 Horat.
832 2621 1030 2697 Epist.
1088 2616 1150 2696 Ι,
1213 2623 1270 2680 7.
1318 2643 1379 2700 Ρ.
1429 2625 1574 2687 350.
1664 2630 1884 2690 orest·
1915 2631 1992 2690 ad
2038 2634 2223 2695 satir,

112 2722 202 2800 ΙΙ,
256 2727 333 2801 1,
399 2724 503 2784 67.
587 2724 795 2799 Kopp.
859 2722 935 2781 ad
994 2722 1176 2782 Mart.
1239 2723 1472 2800 Capell.
1533 2722 1594 2800 Ι,
1653 2727 1751 2787 18.
1791 2750 1855 2808 p.
1900 2733 2033 2809 57.)
2095 2739 2227 2796 tum

113 2828 282 2905 apud
344 2826 608 2899 Boeth.,
669 2827 1048 2900 quapropter
1106 2843 1140 2883 e
1199 2825 1377 2884 codd.
1442 2829 1667 2887 nostris
1723 2836 2032 2894 veteribus
2090 2838 2227 2912 hos,

113 2932 217 3004 qui
268 2932 644 3005 sequuntur,
689 2926 860 2985 locos
907 2925 1391 2984 emendavimusx
1451 2921 1514 2999 Ι,
1565 2924 1625 2987 4.
1667 2938 1732 3004 Ρ.
1774 2931 1836 3006 8,
1887 2934 1983 2995 14.
2056 2933 2118 3011 Ι,
2165 2937 2226 3000 6.

107 3050 168 3108 Ρ.
224 3031 348 3106 17,
421 3030 518 3088 11.
602 3029 701 3100 Il,
753 3026 807 3084 1.
855 3046 916 3102 p.
966 3025 1081 3099 20,
1130 3025 1187 3085 4.
1242 3022 1330 3100 ΙΙ,
1375 3027 1433 3086 5.
1492 3044 1555 3103 Ρ.
1602 3026 1863 3103 30,10.
1946 3033 2061 3111 ΙΠ,
2127 3040 2227 3105 11.

109 3150 169 3208 p.
222 3130 360 3205 63,
416 3126 514 3189 10.
573 3130 695 3204 lv,
757 3128 814 3189 7.
878 3145 938 3204 p.
1005 3109 1128 3199 955
1178 3126 1239 3185 8.
1316 3130 1401 3201 v,
1467 3128 1524 3187 4.
1585 3149 1647 3207 p.
1718 3130 1875 3209 101,
1940 3139 2041 3202 21.
2106 3145 2224 3201 etc..

104 3235 537 3295 Restituimus
600 3236 803 3292 autem
867 3229 1152 3306 copulam
1209 3224 1299 3303 ΙΙ,
1348 3226 1406 3289 6.
1464 3250 1527 3307 Ρ.
1573 3231 1687 3305 33,
1738 3233 1834 3294 10.
1882 3239 1985 3297 ubi
2032 3240 2224 3302 Graff.

112 3357 252 3398 eam
323 3336 491 3396 male
538 3335 778 3407 omittit,
836 3332 956 3405 IV,
1016 3332 1075 3390 2.
1119 3352 1181 3409 Ρ.
1235 3331 1351 3406 74,
1416 3332 1514 3393 18.
1578 3337 1640 3393 et
1696 3335 1813 3409 lv,
1876 3338 1934 3397 7.
1995 3360 2059 3417 Ρ.
2122 3342 2226 3417 95,-

104 3438 167 3499 6.
264 3440 375 3499 De
455 3436 861 3496 collocatione
933 3432 1211 3493 infinitivi
1294 3453 1439 3494 esse
1515 3436 1614 3496 vd.
1692 3436 1773 3498 ad
1843 3434 1963 3515 ΙΙΙ,
2047 3442 2102 3502 1.
2163 3463 2226 3523 p.

105 3540 231 3618 41,
287 3542 351 3602 1.
417 3571 491 3584 —

290 3657 506 3718 Carm.
566 3653 669 3714 VI.
728 3670 784 3712 v.
851 3651 1075 3711 3-5.
1176 3653 1348 3713 Bene
1411 3655 1654 3714 confert
1714 3653 2000 3718 Sitzman.
2060 3661 2226 3741 Virg.

103 3743 363 3840 Georg.
412 3753 499 3832 11,
547 3755 671 3814 222
713 3773 802 3830 sq.
851 3757 913 3812 et
957 3754 1094 3814 Tib.
1137 3748 1225 3828 ΙΙ,
1273 3752 1349 3828 6,
1399 3755 1499 3814 22.
1588 3756 1755 3832 Spes
1816 3762 1931 3820 alit
1983 3766 2230 3840 agrico-

97 3867 207 3924 las
225 3908 246 3940 ,
318 3860 495 3934 Spes
553 3861 748 3919 sulcis
808 3859 1007 3915 credit
1064 3858 1267 3915 aratis
1309 3856 1569 3918 Semina
1622 3863 1761 3933 etc„
1807 3880 1841 3921 e
1886 3859 2006 3938 quo
2051 3879 2233 3924 versu

96 3967 506 4043 scripturam
552 3961 812 4020 tradidit
856 3959 1073 4017 falsam
1119 3976 1254 4016 esse
1301 3957 1575 4034 adparet.
1621 3990 1706 4003 -—

295 4098 465 4172 Cap.
523 4096 622 4154 VI.
680 4114 742 4170 p.
808 4090 919 4166 16,
987 4090 1085 4150 17.
1145 4095 1261 4152 deo
1321 4090 1500 4171 rege]
1565 4094 1753 4153 Omisl
1814 4098 2147 4173 praeposit.
2193 4111 2236 4156 a

97 4208 166 4264 et
216 4202 341 4261 hic
394 4202 455 4257 et
494 4192 596 4268 ΙΙΙ,
647 4193 743 4253 12.
785 4213 847 4269 Ρ.
897 4190 1000 4268 67,
1055 4191 1109 4253 1.
1174 4194 1341 4270 quod
1384 4193 1675 4269 loquendi
1736 4214 1929 4273 genus
1972 4195 2235 4254 Boethio

100 4307 211 4361 est
271 4300 644 4376 proprium,
702 4297 800 4356 vd.
846 4297 915 4370 1,
963 4293 1022 4353 3.
1064 4312 1130 4371 Ρ.
1176 4292 1254 4367 6,
1317 4292 1417 4353 26.
1506 4293 1694 4453 ἒΡιιᾱ
1751 4295 2028 4355 Ciceron.
2075 4292 2241 4376 (Ha-
