2867 5125
661 424 788 491 130
1206 427 2244 494 Annorarxouns

2830 528 2832 575 1

662 618 834 679 rusp.
896 617 1063 678 resp.
1120 595 1255 677 19.)
1316 618 1562 678 quoque
1617 606 1868 663 numine
1921 604 2175 677 deorum
2236 605 2376 680 regi
2439 604 2740 662 invenitur.
2831 602 2832 659 ἱ

662 702 931 763 Ablativ.
996 703 1177 762 etiam
1234 705 1488 781 reposui
1543 698 1634 778 ll,
1695 703 1754 763 2.
1798 722 1861 781 p.
1909 703 2023 777 21,
2068 701 2129 764 8.
2190 700 2302 779 (ef.
2362 701 2538 761 Ovid.
2600 703 2740 762 Fast.

831 926 897 984 Ρ.
963 903 1573 981 17,11.verum.
1639 947 1657 966 .
1699 899 1949 983 mores]
2025 902 2159 964 Non
2235 905 2545 979 improbat
2609 903 2743 962 Van.
2835 892 2836 985 }

663 1008 991 1069 lectionem
1058 1010 1196 1071 cod.
1262 1011 1503 1069 Thuan.
1564 1003 1634 1082 l.,
1680 1008 1790 1068 sed
1850 1007 2430 1083 perturbationibus
2495 1007 2744 1066 moribus

663 1112 796 1170 sine
844 1111 1028 1169 dubio
1072 1111 1149 1169 ad
1190 1110 1346 1169 illud
1403 1110 2036 1169 homoeoteleutorum
2094 1126 2289 1189 genus
2331 1108 2630 1182 pertinet,
2684 1104 2744 1162 de
2837 1078 2838 1121 ³

665 1230 788 1288 quo
853 1215 916 1271 in
983 1212 1221 1291 proleg.
1294 1213 1486 1271 verba
1560 1211 1839 1273 fecimus.
1950 1209 2544 1273 Perturbationibus
2607 1209 2744 1264 extat

667 1314 850 1371 etiam
900 1313 962 1371 in
1003 1317 1078 1387 A,
1126 1332 1338 1388 quare,
1385 1314 1436 1370 si
1497 1310 1643 1387 quid
1685 1309 2064 1387 mutandum,
2106 1309 2314 1388 legas=
2371 1310 2474 1369 lais
2512 1314 2745 1383 pertur-

666 1416 1021 1477 batiom’bus
1076 1434 1316 1475 morum
1375 1433 1457 1472 ea
1514 1414 1637 1472 val.
1696 1419 1812 1471 est.
1861 1442 1946 1457 —-
2044 1430 2108 1488 Ρ.
2173 1410 2287 1485 17,
2353 1409 2453 1470 23.
2520 1411 2746 1468 exulem

666 1512 773 1594 te]
828 1516 993 1577 Malo
1047 1516 1251 1576 Pulm.
1310 1515 1493 1591 Vulp.
1554 1514 1616 1571 et
1675 1511 1874 1571 Helfr.
1935 1531 2275 1591 pronomen
2318 1520 2382 1571 te
2442 1514 2503 1570 et
2559 1512 2659 1569 hie
2701 1513 2748 1569 et

665 1609 762 1689 II,
819 1616 879 1674 5.
937 1634 1002 1692 Ρ.
1063 1612 1183 1693 30,
1243 1612 1344 1674 30.
1406 1633 1533 1673 non
1594 1618 1973 1693 agnoscunt3
2030 1632 2141 1673 nos
2204 1611 2539 1672 delevimus
2580 1605 2646 1683 1,
2701 1608 2746 1668 5.
2843 1628 2844 1697 ]

665 1715 799 1773 init.
816 1756 837 1788 ,
890 1715 998 1773 ubi
1055 1716 1334 1792 plurimis
1377 1717 1528 1777 VV..
1546 1716 1683 1776 m).
1740 1718 1921 1777 codd.
1965 1717 2340 1776 deteriorum
2381 1711 2566 1771 lectio
2611 1729 2747 1769 exu-

667 1816 789 1875 lem
846 1822 910 1875 te
964 1835 1144 1894 cogn.
1200 1817 1448 1892 adrisit,
1507 1817 1618 1876 sed
1658 1818 1758 1877 vd.
1799 1815 1890 1893 ll,
1936 1816 1995 1877 4.
2040 1836 2105 1895 Ρ.
2167 1815 2268 1889 25,
2317 1814 2379 1873 4.
2424 1816 2615 1873 recol.
2656 1831 2746 1871 ve-

666 1917 827 1978 hem.
864 1934 999 1994 coq.
1026 1946 1117 1962 —-
1181 1935 1246 1995 Ρ.
1283 1917 1383 1993 18,
1422 1917 1484 1977 5.
1515 1925 1761 1993 tempus
1787 1915 1927 1997 est]
1971 1920 2160 1979 Omisi
2200 1920 2314 1991 uti,
2359 1913 2441 1974 of.
2482 1908 2538 1986 Ι,
2581 1912 2638 1972 2.
2675 1913 2744 1969 in.

840 2017 1041 2078 Garm.
1085 2017 1220 2091 VII,
1269 2015 1368 2078 19.
1415 2017 1651 2098 Obice]
1692 2021 1788 2081 De
1832 2019 2067 2095 syllaba
2109 2017 2417 2094 producta
2455 2014 2556 2074 vd.
2599 2014 2742 2091 Virg.

669 2118 900 2198 Georg.
939 2118 1046 2192 lv,
1091 2117 1238 2178 422.
1300 2116 1517 2180 Claud.
1562 2122 1753 2198 Rapt.
1799 2123 2092 2196 Pro-serp.
2136 2113 2199 2191 l,
2252 2116 2394 2182 171.
2481 2117 2743 2177 Ceterum

667 2222 887 2293 obicio,
933 2221 1160 2294 adicio,
1206 2220 1448 2280 subicio
1481 2224 1599 2281 eto.
1647 2241 1772 2281 uon
1805 2224 2046 2294 obiieio,
2092 2221 2298 2293 adiic„
2345 2221 2566 2281 subiic.
2612 2221 2744 2279 scri-
2849 2274 2850 2279 ,

665 2320 937 2381 bendum
1000 2339 1137 2380 esse
1195 2339 1321 2379 non
1387 2322 1587 2381 solum
1641 2320 1886 2382 Boethii
1947 2326 2095 2383 vett.
2162 2321 2341 2381 codd.
2411 2322 2522 2382 sed
2585 2320 2743 2380 etiam

667 2419 985 2480 Ciceronis
1043 2416 1159 2500 (ef.
1202 2421 1474 2483 Ellendt.
1530 2423 1954 2484 Emendation.
2005 2425 2070 2483 in
2115 2422 2244 2482 Cic.
2297 2422 2438 2483 libr.
2478 2422 2554 2482 de
2594 2422 2741 2480 Orat.
2851 2434 2852 2441 ¹

669 2517 888 2602 [Isleb.
938 2519 1121 2582 1839.
1163 2524 1400 2604 progr.]
1440 2543 1505 2602 Ρ.
1554 2522 1652 2583 13.
1716 2523 2004 2587 Wunder.
2049 2543 2165 2604 pro
2197 2525 2417 2588 Plane.
2460 2541 2526 2601 Ρ.
2566 2519 2737 2594 m),
2853 2601 2854 2604 Ἴ

665 2621 818 2683 Livii
878 2621 1005 2698 (vd.
1050 2625 1249 2703 intpp.
1294 2628 1373 2686 ad
1415 2622 1495 2701 Π,
1544 2624 1643 2699 10,
1690 2623 1818 2706 9.),
1877 2629 2111 2709 Virgilii
2156 2628 2362 2705 (Iahn.
2409 2626 2491 2687 ad
2534 2626 2737 2701 Georg-
2853 2627 2854 2632 ’

664 2720 770 2794 Π,
815 2720 961 2782 243.
1007 2727 1070 2782 et
1112 2729 1325 2807 Wagn.
1371 2728 1450 2787 ad
1490 2729 1645 2787 Aen.
1687 2728 1814 2804 XI,
1859 2729 2075 2806 625.),
2130 2730 2373 2791 Horatii
2416 2726 2630 2810 (Orell.
2670 2723 2739 2784 ad

663 2822 864 2898 Epist.
905 2819 954 2899 1,
1008 2822 1103 2902 16,
1151 2826 1307 2905 62.),
1351 2829 1584 2889 Lucani
1630 2824 1827 2904 (VIII,
1875 2828 2016 2891 796.
2060 2831 2171 2906 lx,
2222 2831 2437 2906 188.),
2482 2833 2730 2891 Senecae

665 2922 880 2998 (Both.
924 2924 1003 2984 ad
1034 2922 1446 2987 Phoen.'426.
1493 2931 1667 2989 Tom.
1696 2925 1742 3005 l,
1786 2951 1851 3009 p.
1900 2930 2093 3009 1640,
2137 2934 2459 2994 Prudentii
2501 2929 2735 3014 (nyma.

662 3018 713 3098 I,
758 3023 893 3101 97.)
938 3027 1318 3105 aliorumque
1364 3028 1670 3107 (Lindem.
1716 3031 1794 3090 ad
1835 3034 2109 3110 Pompei.
2156 3035 2267 3093 Cn.
2303 3036 2379 3095 A.
2417 3036 2497 3095 D.
2535 3054 2593 3111 Ρ.
2616 3029 2732 3103 75.)

664 3142 781 3185 nos
848 3127 1227 3202 docuerunt,
1293 3147 1484 3205 quare
1550 3131 1810 3191 alterum
1866 3138 1895 3193 i
1948 3137 2011 3195 in
2065 3138 2161 3196 his
2231 3155 2390 3214 quae
2456 3131 2731 3198 nominavi

665 3230 867 3288 verbis
924 3232 1297 3306 ubicumque
1355 3232 1784 3307 expunximus,
1848 3230 2233 3311 cf.111,4‚
2293 3256 2356 3314 Ρ.
2404 3238 2523 3314 47,
2567 3236 2622 3296 8.
2654 3260 2730 3277 -·

660 3325 740 3387 In
800 3328 1064 3389 editione
1122 3332 1439 3410 Hagenav.
1499 3326 1600 3410 (ετ-
1642 3327 1784 3410 Η),
1841 3353 2098 3411 quarum
2157 3344 2390 3419 primae
2448 3334 2728 3418 plagellae

660 3426 872 3487 multis
918 3432 1133 3490 erratis
1159 3432 1617 3512 typographicis
1668 3437 1926 3512 scatent,
1948 3459 2232 3503 versuum
2278 3441 2431 3503 ordo
2474 3443 2570 3501 hic
2612 3438 2724 3496 est:

665 3523 1263 3591 1....591317.
1334 3529 1945 3600 2.....6101418
2015 3537 2722 3608 3.7..1115.194.

659 3623 721 3685 8.
770 3624 869 3690 12.
922 3627 1018 3692 16.
1067 3628 1170 3693 20.
1216 3632 1317 3695 22.
1365 3632 1468 3695 21.
1515 3621 1617 3695 23.
1662 3635 1889 3700 24....
1936 3639 2037 3702 31.
