2867 5125
997 419 1571 493 Catu-211.
1715 427 1726 440 ’
2163 446 2323 498 um

218 599 449 666 udins
485 596 703 682 ipsum
742 598 989 666 bonum
1046 604 1390 664 censeturt
1448 612 1645 664 omne
1686 594 1862 662 enim
1901 604 2037 664 tam
2079 598 2197 668 din
2235 620 2325 668 ex

219 710 628 779 necessitate
682 719 828 790 est,
884 706 1196 796 quamdiu
1252 724 1456 774 unum
1510 703 1750 787 efficit,
1808 707 1870 773 si
1912 710 2219 778 dividitur
2255 714 2327 808 in

220 821 453 888 varias
509 830 771 907 partes,
826 807 1198 898 interitu).
1278 814 1513 901 Neque
1568 816 1733 883 deus
1787 838 2108 886 summum
2162 820 2328 890 illud

220 933 474 999 bonum
517 929 929 998 extrinsecus
968 926 1252 1011 accepit,
1289 925 1597 1015 quoniam
1629 928 1720 1012 id,
1755 931 1932 1017 quod
1976 932 2130 1017 quid
2172 954 2328 1019 pro·

225 1053 420 1110 creat
452 1063 535 1109 ac
556 1042 693 1121 dat,
724 1038 1169 1126 praestantius
1197 1046 1304 1104 est
1334 1056 1417 1103 eo
1462 1035 1640 1123 quod
1681 1042 1961 1126 accepit.
1982 1046 2013 1088 ⁷
2027 1045 2095 1130 ³)
2135 1043 2326 1113 Sum.

225 1152 323 1220 mi
375 1172 537 1218 vero
600 1153 762 1220 boni
812 1150 1009 1220 homo
1067 1149 1137 1218 in
1193 1148 1344 1236 ipso
1399 1149 1732 1233 positiu)
1790 1153 2127 1241 particeps
2189 1167 2328 1226 esta

226 1260 397 1330 illud
455 1282 619 1330 vera
676 1260 1010 1331 beatitudo
1056 1270 1126 1328 et
1182 1280 1267 1326 ea
1320 1260 1652 1330 censenda
1713 1273 1816 1332 est
1869 1264 2071 1351 deus,
2127 1289 2333 1354 quare

231 1393 407 1440 unus
452 1375 752 1461 quisque,
810 1373 966 1460 quia
1005 1371 1243 1442 summi
1283 1371 1444 1440 boni
1488 1373 1824 1460 particeps
1884 1373 2113 1443 beatus
2176 1398 2334 1448 esso

231 1483 398 1570 vult,
453 1485 602 1571 ipse
644 1484 814 1555 deus
873 1483 981 1554 fitz
1039 1503 1213 1565 ‚uam
1268 1490 1519 1552 natura
1577 1484 1833 1572 qudem
1889 1507 2106 1574 unus
2146 1491 2333 1573 deus,

225 1598 756 1688 participatione
811 1597 913 1665 m'l
965 1594 1268 1682 prohibet
1323 1616 1465 1662 esse
1505 1616 1702 1683 quam
1747 1599 2334 1687 plenumst&

232 1708 364 1775 Cui
404 1708 532 1775 deo
573 1728 805 1778 omnes
844 1706 1125 1774 libenter
1166 1727 1252 1773 ac
1292 1718 1484 1792 grato
1524 1708 1744 1776 animo
1786 1710 2118 1795 obediunt,
2160 1714 2339 1800 quod

230 1840 409 1900 eum,
431 1830 772 1910 appetunt,
817 1830 884 1888 et
923 1819 983 1884 is
1028 1818 1249 1886 omnia
1284 1820 1609 1903 gubernat
1641 1840 1857 1907 neque
1884 1820 2159 1892 alterius
2187 1835 2340 1911 eget

230 1930 524 2018 auxilio,
585 1932 709 1999 sed
763 1931 891 2000 sibi
946 1929 1077 2016 ipsi
1117 1938 1222 1995 est
1261 1926 1603 1996 sufficiens
1620 1933 1737 2015 ²⁶).
1781 1967 1867 1980 —

410 2068 527 2138 ΙΙΙ.
557 2069 859 2158 Physica.
899 2067 1187 2137 Mundus
1208 2085 1291 2134 ex
1324 2066 1607 2132 diversis
1635 2068 2111 2154 contrariisque
2139 2061 2343 2154 parti-

235 2184 372 2249 bus
403 2192 509 2248 est
538 2182 969 2271 compositus,
998 2165 1248 2264 easque
1287 2178 1354 2243 in
1398 2177 1692 2243 ordinem
1734 2178 1989 2270 redegit
2020 2180 2202 2261 dens,
2230 2181 2344 2267 qui

234 2293 556 2361 mundum
599 2293 687 2359 ad
745 2292 962 2359 ideam
1004 2290 1161 2355 boni
1203 2299 1271 2355 et
1327 2285 1543 2373 pulcri
1602 2290 1883 2373 creavit,
1935 2290 2111 2356 idem
2154 2291 2342 2373 deus,

238 2405 362 2491 qui
402 2415 507 2470 est
546 2405 635 2470 ab
690 2402 938 2468 invidia
996 2398 1201 2479 liber,
1265 2398 1698 2486 pulcerrimus
1752 2400 1935 2486 ipse,
1991 2403 2345 2471 immobilis

240 2535 513 2601 semper
541 2524 758 2582 motus
778 2518 899 2597 ⁷⁷).
962 2511 1089 2579 Hic
1117 2511 1312 2581 etiam
1342 2509 1665 2578 elementa
1691 2511 2001 2580 formavit
2030 2525 2097 2582 et
2124 2517 2358 2587 mundi

243 2628 536 2697 animam
579 2646 620 2693 e
660 2627 873 2694 tribus
906 2621 1297 2693 substantiis
1340 2635 1774 2707 constantem,
1811 2646 1980 2714 quac
2020 2628 2089 2694 in
2129 2630 2346 2696 medio

242 2838 572 2899 hamam
601 2844 880 2897 naturam
912 2833 1124 2892 cadere
1158 2839 1217 2890 et
1249 2851 1362 2906 qao
1394 2834 1506 2889 itta
1535 2838 1722 2908 potiri
1753 2853 1931 2909 eoque
1958 2837 2347 2913 stutpotestf

244 2933 416 3005 Apud
448 2931 732 2989 Platonem
780 2930 917 2986 haec
962 2928 1151 2987 summi
1195 2928 1326 2985 boui
1375 2928 1655 3000 explicatio
1691 2946 1804 2985 non
1847 2931 2065 3002 iegitur:
2105 2934 2194 3003 qui
2227 2951 2350 2989 eum

244 3027 519 3085 hominem
551 3026 717 3099 ipsius
750 3024 1061 3097 participem
1099 3039 1240 3084 esse,
1280 3023 1369 3101 qui
1404 3022 1493 3077 dei
1526 3022 1705 3077 similis
1740 3020 1861 3081 fieri
1895 3026 2123 3096 studeat,
2159 3027 2351 3082 docete

251 3120 476 3181 Theaet.
507 3138 563 3192 p.
602 3123 720 3178 176.
752 3118 821 3175 A.
882 3116 1022 3187 Rep.
1057 3133 1112 3189 p.
1145 3120 1266 3174 613.
1295 3120 1362 3173 A.
1417 3113 1588 3187 Legg.
1624 3134 1677 3188 p.
1707 3121 1827 3174 716.
1857 3112 1929 3170 Β.
1993 3117 2114 3172 Van
2136 3117 2351 3175 Heusd.

247 3215 368 3273 init.
417 3213 543 3287 phil.
603 3212 746 3269 Plat.
793 3210 919 3265 Vol.
954 3208 1020 3265 11.
1069 3207 1138 3268 P.
1183 3206 1273 3265 ΙΙΙ.
1309 3227 1364 3281 p.
1402 3215 1522 3266 100.
1591 3207 1852 3269 Eamdem
1899 3211 2213 3269 sententiam
2262 3229 2354 3268 ex-

250 3308 456 3383 pressit
484 3303 688 3363 Boetb.
725 3324 778 3378 p.
816 3309 921 3372 12..
970 3303 1061 3359 ubi
1092 3302 1182 3357 vd.
1219 3301 1413 3359 Vallia.

392 3429 487 3495 72)
521 3423 587 3480 Ρ.
622 3428 709 3483 65.
745 3427 831 3481 66.
864 3427 951 3480 74.
1054 3423 1152 3492 73)
1188 3418 1255 3477 Ρ.
1289 3424 1378 3479 59.
1480 3423 1575 3488 74)
1611 3419 1677 3477 Ρ.
1712 3426 1797 3480 27.
1833 3425 1921 3481 31.
1957 3428 2044 3482 42.

398 3545 497 3612 75)
532 3541 602 3599 Ρ.
637 3546 727 3606 60,
754 3545 840 3600 25.
868 3546 956 3599 69.
991 3544 1078 3600 79.
1113 3549 1213 3595 etc.
1281 3537 1433 3596 Haec
1469 3557 1685 3613 quoque
1716 3560 1891 3615 neque
1917 3544 2059 3617 apud
2073 3544 2359 3604 Platonem

251 3638 619 3703 inveniuntur,
652 3651 824 3709 neque
858 3634 1001 3707 apud
1034 3631 1319 3698 Proclum,
1364 3634 1458 3689 vd.
1496 3636 1793 3707 ctozzstoc.
1830 3638 2053 3713 θεολογ.
2088 3639 2179 3696 111.
2219 3647 2357 3709 128„

252 3733 352 3789 ubi
388 3731 679 3787 daemones
727 3738 930 3785 tantum
980 3728 1067 3784 dei
1112 3728 1399 3800 participes
1444 3726 1568 3786 fleri
1602 3730 1693 3785 ait.
1717 3759 1790 3774 --
1853 3730 2117 3789 Virtutem
2152 3732 2357 3791 Boetb.

253 3827 549 3887 Platonem
598 3821 1008 3895 (δικαιοσύνη)
1058 3831 1272 3879 secutus
1320 3840 1356 3879 a
1404 3840 1613 3881 summo
1669 3825 1819 3880 bono
1868 3826 2150 3896 disceruit,
2212 3830 2361 3900 quod

253 3920 420 3993 quani
447 3916 615 3976 finem
647 3917 856 3973 virtutis
889 3915 1250 3990 (probitatis)
1286 3914 1627 3975 considerare
1659 3919 1870 3978 videtur
1903 3923 1981 3992 (p.
2017 3927 2105 3988 86,
2137 3927 2191 3980 9.
2226 3923 2361 3994 Rep.

254 4019 386 4075 612.
410 4010 530 4081 Ε.),
561 4011 659 4067 ced
692 4011 821 4082 quid
848 4011 939 4068 ilia
957 4009 1229 4084 probitas
1255 4012 1325 4066 sit
1354 4012 1557 4082 apertis
1586 4012 1768 4068 verbis
1800 4030 1911 4069 non
1948 4014 2087 4073 dicit.
2164 4014 2361 4070 Rede-

253 4123 464 4167 mam.
493 4106 532 4164 1.
561 4106 597 4163 1.
632 4101 927 4161 Boethium
953 4104 1227 4176 Augustini
1261 4104 1331 4164 de
1358 4105 1636 4165 existentia
1665 4106 1754 4165 dci
1780 4106 2073 4167 doctrinam
2103 4126 2142 4163 a
2163 4110 2365 4181 priore
2397 4101 2404 4109 ’

186 4276 193 4283 ι
253 4203 672 4261 demonstrasse
706 4214 776 4255 ex
807 4195 901 4262 111,
939 4204 1020 4257 10.
1058 4197 1389 4255 conclusiti‘i

402 4321 503 4406 76)
537 4317 604 4375 Ρ.
641 4321 726 4377 67.
762 4321 846 4376 ea
949 4318 1048 4388 77)
1091 4316 1157 4373 Ρ.
1198 4319 1284 4376 67.
1323 4316 1412 4375 ιιι.
1465 4337 1626 4378 earm.
1673 4325 1727 4379 9.
1799 4320 1932 4379 Tim.
1972 4338 2026 4392 p.
2071 4323 2159 4378 29.
2196 4294 2263 4377 Α.
2298 4319 2368 4377 Ε.

253 4421 350 4477 So.
409 4410 649 4471 Ruhnk.
697 4409 768 4465 ad
819 4409 954 4464 Tim.
995 4409 1128 4467 Lex.
1170 4430 1227 4485 p.
1264 4417 1316 4470 6.
