<?xml version="1.0" encoding="UTF-8"?>
<!DOCTYPE html PUBLIC "-//W3C//DTD XHTML 1.0 Transitional//EN"
    "http://www.w3.org/TR/xhtml1/DTD/xhtml1-transitional.dtd">
<html xmlns="http://www.w3.org/1999/xhtml" xml:lang="en" lang="en">
 <head>
  <title>
</title>
<meta http-equiv="Content-Type" content="text/html;charset=utf-8" />
  <meta name='ocr-system' content='tesseract 3.04.00' />
  <meta name='ocr-capabilities' content='ocr_page ocr_carea ocr_par ocr_line ocrx_word'/>
</head>
<body>
  <div class='ocr_page' id='page_1' title='image "aniciimanliisev00obbagoog_0091.png"; bbox 0 0 2867 5125; ppageno 0'>
   <div class='ocr_carea' id='block_1_1' title="bbox 974 415 2303 484">
    <p class='ocr_par' dir='ltr' id='par_1_1' title="bbox 974 415 2303 484">
     <span class='ocr_line' id='line_1_1' title="bbox 974 415 2303 484; baseline 0 -1"><span class='ocrx_word' id='word_1_1' title='bbox 974 417 1380 484; x_wconf 56' lang='lat' dir='ltr'>Carnu·</span> <span class='ocrx_word' id='word_1_2' title='bbox 1464 415 1548 484; x_wconf 86' lang='grc' dir='ltr'>Π.</span> <span class='ocrx_word' id='word_1_3' title='bbox 2178 437 2303 483; x_wconf 71' lang='lat' dir='ltr'>xnv</span> 
     </span>
    </p>
   </div>
   <div class='ocr_carea' id='block_1_2' title="bbox 1 587 2323 2342">
    <p class='ocr_par' dir='ltr' id='par_1_2' title="bbox 1 587 2304 683">
     <span class='ocr_line' id='line_1_2' title="bbox 1 587 2304 683; baseline -0.002 -24"><span class='ocrx_word' id='word_1_4' title='bbox 1 654 4 683; x_wconf 18' lang='grc' dir='ltr'>Ν,</span> <span class='ocrx_word' id='word_1_5' title='bbox 201 591 722 677; x_wconf 57' lang='lat' dir='ltr'>&amp;ganutun-⁸⁷).</span> <span class='ocrx_word' id='word_1_6' title='bbox 827 587 967 656; x_wconf 85' lang='lat' dir='ltr'>Res</span> <span class='ocrx_word' id='word_1_7' title='bbox 1021 599 1277 670; x_wconf 81' lang='lat' dir='ltr'>autem,</span> <span class='ocrx_word' id='word_1_8' title='bbox 1337 607 1511 676; x_wconf 86' lang='lat' dir='ltr'>quae</span> <span class='ocrx_word' id='word_1_9' title='bbox 1552 588 1679 654; x_wconf 87' lang='lat' dir='ltr'>deo</span> <span class='ocrx_word' id='word_1_10' title='bbox 1741 589 2089 674; x_wconf 78' lang='lat' dir='ltr'><strong>propiores</strong></span> <span class='ocrx_word' id='word_1_11' title='bbox 2128 599 2304 668; x_wconf 80' lang='lat' dir='ltr'>sunt,</span> 
     </span>
    </p>

    <p class='ocr_par' dir='ltr' id='par_1_3' title="bbox 1 686 2309 813">
     <span class='ocr_line' id='line_1_3' title="bbox 1 686 2309 813; baseline -0.002 -43"><span class='ocrx_word' id='word_1_12' title='bbox 1 688 4 813; x_wconf 36' lang='grc' dir='ltr'><strong><em>ζ</em></strong></span> <span class='ocrx_word' id='word_1_13' title='bbox 129 717 135 725; x_wconf 83' lang='grc'><em>’</em></span> <span class='ocrx_word' id='word_1_14' title='bbox 200 726 245 771; x_wconf 90' lang='lat' dir='ltr'>a</span> <span class='ocrx_word' id='word_1_15' title='bbox 289 703 431 769; x_wconf 81' lang='lat' dir='ltr'>fato</span> <span class='ocrx_word' id='word_1_16' title='bbox 476 701 691 766; x_wconf 81' lang='lat' dir='ltr'>minus</span> <span class='ocrx_word' id='word_1_17' title='bbox 754 701 1043 785; x_wconf 76' lang='lat' dir='ltr'>pendent</span> <span class='ocrx_word' id='word_1_18' title='bbox 1062 705 1194 781; x_wconf 70' lang='lat' dir='ltr'>⁸⁰J:</span> <span class='ocrx_word' id='word_1_19' title='bbox 1241 700 1406 764; x_wconf 80' lang='lat' dir='ltr'>deus</span> <span class='ocrx_word' id='word_1_20' title='bbox 1447 699 1593 784; x_wconf 74' lang='lat' dir='ltr'>ipse</span> <span class='ocrx_word' id='word_1_21' title='bbox 1635 700 1779 767; x_wconf 79' lang='lat' dir='ltr'>sive</span> <span class='ocrx_word' id='word_1_22' title='bbox 1822 701 2044 766; x_wconf 79' lang='lat' dir='ltr'>divina</span> <span class='ocrx_word' id='word_1_23' title='bbox 2074 686 2309 785; x_wconf 48' lang='lat' dir='ltr'>&#39;provi-</span> 
     </span>
    </p>

    <p class='ocr_par' dir='ltr' id='par_1_4' title="bbox 1 810 2323 2342">
     <span class='ocr_line' id='line_1_4' title="bbox 1 810 2303 898; baseline -0.002 -18"><span class='ocrx_word' id='word_1_24' title='bbox 1 818 2 827; x_wconf 73' lang='lat'><em>&#39;</em></span> <span class='ocrx_word' id='word_1_25' title='bbox 204 815 427 880; x_wconf 82' lang='lat' dir='ltr'>dentia</span> <span class='ocrx_word' id='word_1_26' title='bbox 471 814 649 878; x_wconf 88' lang='lat' dir='ltr'>bona</span> <span class='ocrx_word' id='word_1_27' title='bbox 691 821 941 875; x_wconf 85' lang='lat' dir='ltr'>tantum</span> <span class='ocrx_word' id='word_1_28' title='bbox 969 822 1194 876; x_wconf 84' lang='lat' dir='ltr'>servat</span> <span class='ocrx_word' id='word_1_29' title='bbox 1233 831 1447 898; x_wconf 88' lang='lat' dir='ltr'>neque</span> <span class='ocrx_word' id='word_1_30' title='bbox 1474 810 1670 877; x_wconf 89' lang='lat' dir='ltr'>ullius</span> <span class='ocrx_word' id='word_1_31' title='bbox 1715 810 1868 877; x_wconf 88' lang='lat' dir='ltr'>mali</span> <span class='ocrx_word' id='word_1_32' title='bbox 1897 822 2134 877; x_wconf 81' lang='lat' dir='ltr'><strong>auctor</strong></span> <span class='ocrx_word' id='word_1_33' title='bbox 2175 822 2303 893; x_wconf 84' lang='lat' dir='ltr'>est,</span> 
     </span>
     <span class='ocr_line' id='line_1_5' title="bbox 204 920 2307 1014; baseline -0 -24"><span class='ocrx_word' id='word_1_34' title='bbox 204 944 413 1014; x_wconf 86' lang='lat' dir='ltr'>quare</span> <span class='ocrx_word' id='word_1_35' title='bbox 453 922 756 988; x_wconf 83' lang='lat' dir='ltr'>homines</span> <span class='ocrx_word' id='word_1_36' title='bbox 797 940 1060 1007; x_wconf 87' lang='lat' dir='ltr'>quoque</span> <span class='ocrx_word' id='word_1_37' title='bbox 1098 923 1275 987; x_wconf 88' lang='lat' dir='ltr'>bona</span> <span class='ocrx_word' id='word_1_38' title='bbox 1329 920 1649 1006; x_wconf 74' lang='lat' dir='ltr'>perficere</span> <span class='ocrx_word' id='word_1_39' title='bbox 1706 922 2095 1009; x_wconf 78' lang='lat' dir='ltr'>oportet⁸⁹).</span> <span class='ocrx_word' id='word_1_40' title='bbox 2179 924 2307 990; x_wconf 87' lang='lat' dir='ltr'>Fa·</span> 
     </span>
     <span class='ocr_line' id='line_1_6' title="bbox 207 1031 2310 1121; baseline -0.001 -18"><span class='ocrx_word' id='word_1_41' title='bbox 207 1049 280 1103; x_wconf 89' lang='lat' dir='ltr'>to</span> <span class='ocrx_word' id='word_1_42' title='bbox 318 1046 522 1121; x_wconf 88' lang='lat' dir='ltr'>atque</span> <span class='ocrx_word' id='word_1_43' title='bbox 562 1033 821 1119; x_wconf 82' lang='lat' dir='ltr'>provid.</span> <span class='ocrx_word' id='word_1_44' title='bbox 866 1033 1126 1098; x_wconf 84' lang='lat' dir='ltr'>divinae</span> <span class='ocrx_word' id='word_1_45' title='bbox 1169 1031 1563 1097; x_wconf 80' lang='lat' dir='ltr'>adversatur</span> <span class='ocrx_word' id='word_1_46' title='bbox 1601 1052 1795 1098; x_wconf 81' lang='lat' dir='ltr'>casus</span> <span class='ocrx_word' id='word_1_47' title='bbox 1813 1037 1904 1114; x_wconf 76' lang='lat'>⁹⁰)</span> <span class='ocrx_word' id='word_1_48' title='bbox 1921 1078 1945 1114; x_wconf 84' lang='lat'>‚</span> <span class='ocrx_word' id='word_1_49' title='bbox 1989 1035 2098 1121; x_wconf 88' lang='lat' dir='ltr'>qui</span> <span class='ocrx_word' id='word_1_50' title='bbox 2140 1055 2310 1100; x_wconf 90' lang='lat' dir='ltr'>sem·</span> 
     </span>
     <span class='ocr_line' id='line_1_7' title="bbox 205 1142 2310 1235; baseline 0.001 -24"><span class='ocrx_word' id='word_1_51' title='bbox 205 1167 333 1232; x_wconf 83' lang='lat' dir='ltr'>per</span> <span class='ocrx_word' id='word_1_52' title='bbox 375 1165 460 1210; x_wconf 85' lang='lat' dir='ltr'>ex</span> <span class='ocrx_word' id='word_1_53' title='bbox 505 1145 764 1210; x_wconf 83' lang='lat' dir='ltr'>caussis</span> <span class='ocrx_word' id='word_1_54' title='bbox 801 1142 1070 1235; x_wconf 23' lang='lat' dir='ltr'>‘homini</span> <span class='ocrx_word' id='word_1_55' title='bbox 1114 1145 1395 1230; x_wconf 87' lang='lat' dir='ltr'>quidem,</span> <span class='ocrx_word' id='word_1_56' title='bbox 1452 1164 1584 1210; x_wconf 88' lang='lat' dir='ltr'>non</span> <span class='ocrx_word' id='word_1_57' title='bbox 1629 1144 1776 1224; x_wconf 81' lang='lat' dir='ltr'>deo,</span> <span class='ocrx_word' id='word_1_58' title='bbox 1819 1143 2175 1231; x_wconf 77' lang='lat' dir='ltr'>inopinatis</span> <span class='ocrx_word' id='word_1_59' title='bbox 2217 1144 2310 1213; x_wconf 86' lang='lat' dir='ltr'>ef-</span> 
     </span>
     <span class='ocr_line' id='line_1_8' title="bbox 208 1253 2323 1342; baseline 0.001 -20"><span class='ocrx_word' id='word_1_60' title='bbox 208 1257 452 1322; x_wconf 86' lang='lat' dir='ltr'>ficitur.</span> <span class='ocrx_word' id='word_1_61' title='bbox 537 1255 770 1342; x_wconf 82' lang='lat' dir='ltr'><strong>Neque</strong></span> <span class='ocrx_word' id='word_1_62' title='bbox 810 1255 1265 1340; x_wconf 82' lang='lat' dir='ltr'>providentiae</span> <span class='ocrx_word' id='word_1_63' title='bbox 1307 1274 1391 1321; x_wconf 91' lang='lat' dir='ltr'>ac</span> <span class='ocrx_word' id='word_1_64' title='bbox 1431 1255 2007 1341; x_wconf 86' lang='lat' dir='ltr'>praedestinationi</span> <span class='ocrx_word' id='word_1_65' title='bbox 2049 1253 2323 1339; x_wconf 59' lang='lat' dir='ltr'>divinae,</span> 
     </span>
     <span class='ocr_line' id='line_1_9' title="bbox 212 1365 2315 1453; baseline -0.001 -17"><span class='ocrx_word' id='word_1_66' title='bbox 212 1368 488 1436; x_wconf 77' lang='lat' dir='ltr'>liberum</span> <span class='ocrx_word' id='word_1_67' title='bbox 525 1365 845 1432; x_wconf 60' lang='lat' dir='ltr'>homanum</span> <span class='ocrx_word' id='word_1_68' title='bbox 882 1365 1226 1432; x_wconf 78' lang='lat' dir='ltr'>arbitrium</span> <span class='ocrx_word' id='word_1_69' title='bbox 1246 1371 1338 1448; x_wconf 84' lang='lat'>⁹²)</span> <span class='ocrx_word' id='word_1_70' title='bbox 1385 1377 1732 1453; x_wconf 81' lang='lat' dir='ltr'>repugnat,</span> <span class='ocrx_word' id='word_1_71' title='bbox 1774 1386 1987 1452; x_wconf 83' lang='lat' dir='ltr'>neque</span> <span class='ocrx_word' id='word_1_72' title='bbox 2026 1369 2315 1434; x_wconf 79' lang='lat' dir='ltr'>necessi-</span> 
     </span>
     <span class='ocr_line' id='line_1_10' title="bbox 210 1475 2315 1565; baseline 0 -19"><span class='ocrx_word' id='word_1_73' title='bbox 210 1479 353 1557; x_wconf 82' lang='lat' dir='ltr'>tati,</span> <span class='ocrx_word' id='word_1_74' title='bbox 402 1498 571 1565; x_wconf 88' lang='lat' dir='ltr'>quae</span> <span class='ocrx_word' id='word_1_75' title='bbox 613 1476 860 1563; x_wconf 81' lang='lat' dir='ltr'><strong>duplex</strong></span> <span class='ocrx_word' id='word_1_76' title='bbox 902 1487 1030 1557; x_wconf 87' lang='lat' dir='ltr'>est,</span> <span class='ocrx_word' id='word_1_77' title='bbox 1066 1475 1279 1543; x_wconf 86' lang='lat' dir='ltr'>altera</span> <span class='ocrx_word' id='word_1_78' title='bbox 1309 1478 1590 1563; x_wconf 71' lang='lat' dir='ltr'>simplex</span> <span class='ocrx_word' id='word_1_79' title='bbox 1623 1476 1958 1562; x_wconf 87' lang='lat' dir='ltr'>(absolute</span> <span class='ocrx_word' id='word_1_80' title='bbox 1973 1480 2068 1560; x_wconf 73' lang='lat'>⁴3),</span> <span class='ocrx_word' id='word_1_81' title='bbox 2100 1476 2315 1546; x_wconf 80' lang='lat' dir='ltr'>altera</span> 
     </span>
     <span class='ocr_line' id='line_1_11' title="bbox 218 1587 2316 1676; baseline 0 -21"><span class='ocrx_word' id='word_1_82' title='bbox 218 1588 620 1655; x_wconf 77' lang='lat' dir='ltr'>conditionis</span> <span class='ocrx_word' id='word_1_83' title='bbox 676 1587 1014 1673; x_wconf 83' lang='lat' dir='ltr'>(relative)</span> <span class='ocrx_word' id='word_1_84' title='bbox 1042 1592 1167 1669; x_wconf 79' lang='grc'>”);</span> <span class='ocrx_word' id='word_1_85' title='bbox 1226 1609 1415 1669; x_wconf 85' lang='lat' dir='ltr'>nam,</span> <span class='ocrx_word' id='word_1_86' title='bbox 1474 1591 1774 1676; x_wconf 86' lang='lat' dir='ltr'>quamvis</span> <span class='ocrx_word' id='word_1_87' title='bbox 1830 1587 1996 1654; x_wconf 86' lang='lat' dir='ltr'>nihil</span> <span class='ocrx_word' id='word_1_88' title='bbox 2051 1610 2182 1655; x_wconf 92' lang='lat' dir='ltr'>non</span> <span class='ocrx_word' id='word_1_89' title='bbox 2228 1587 2316 1655; x_wconf 83' lang='lat' dir='ltr'>ex</span> 
     </span>
     <span class='ocr_line' id='line_1_12' title="bbox 211 1697 2318 1787; baseline 0 -20"><span class='ocrx_word' id='word_1_90' title='bbox 211 1700 619 1767; x_wconf 81' lang='lat' dir='ltr'>necessitate</span> <span class='ocrx_word' id='word_1_91' title='bbox 658 1697 797 1783; x_wconf 83' lang='lat' dir='ltr'>fiat,</span> <span class='ocrx_word' id='word_1_92' title='bbox 838 1697 1299 1786; x_wconf 89' lang='lat' dir='ltr'>hominumque</span> <span class='ocrx_word' id='word_1_93' title='bbox 1325 1699 1635 1766; x_wconf 85' lang='lat' dir='ltr'>voluntas</span> <span class='ocrx_word' id='word_1_94' title='bbox 1665 1699 1900 1766; x_wconf 89' lang='lat' dir='ltr'>mutari</span> <span class='ocrx_word' id='word_1_95' title='bbox 1944 1701 2174 1787; x_wconf 85' lang='lat' dir='ltr'>possit,</span> <span class='ocrx_word' id='word_1_96' title='bbox 2217 1711 2318 1767; x_wconf 90' lang='lat' dir='ltr'>ta-</span> 
     </span>
     <span class='ocr_line' id='line_1_13' title="bbox 211 1794 2313 1899; baseline -0.002 -21"><span class='ocrx_word' id='word_1_97' title='bbox 211 1833 369 1878; x_wconf 88' lang='lat' dir='ltr'>men</span> <span class='ocrx_word' id='word_1_98' title='bbox 417 1811 579 1876; x_wconf 85' lang='lat' dir='ltr'>deus</span> <span class='ocrx_word' id='word_1_99' title='bbox 621 1830 707 1875; x_wconf 80' lang='lat' dir='ltr'>ex</span> <span class='ocrx_word' id='word_1_100' title='bbox 750 1810 962 1896; x_wconf 87' lang='lat' dir='ltr'>prima</span> <span class='ocrx_word' id='word_1_101' title='bbox 1024 1810 1361 1878; x_wconf 86' lang='lat' dir='ltr'>voluntate</span> <span class='ocrx_word' id='word_1_102' title='bbox 1402 1811 1678 1877; x_wconf 85' lang='lat' dir='ltr'>alteram</span> <span class='ocrx_word' id='word_1_103' title='bbox 1738 1810 1928 1899; x_wconf 80' lang='lat' dir='ltr'>quasi</span> <span class='ocrx_word' id='word_1_104' title='bbox 1977 1794 2313 1897; x_wconf 82' lang='lat' dir='ltr'>anticipat.</span> 
     </span>
     <span class='ocr_line' id='line_1_14' title="bbox 212 1921 2319 2009; baseline 0.001 -21"><span class='ocrx_word' id='word_1_105' title='bbox 212 1923 488 2009; x_wconf 85' lang='lat' dir='ltr'>Quippe</span> <span class='ocrx_word' id='word_1_106' title='bbox 529 1942 702 2008; x_wconf 87' lang='lat' dir='ltr'>quae</span> <span class='ocrx_word' id='word_1_107' title='bbox 741 1921 960 1988; x_wconf 89' lang='lat' dir='ltr'>omnia</span> <span class='ocrx_word' id='word_1_108' title='bbox 1001 1922 1064 1986; x_wconf 90' lang='lat' dir='ltr'>ei</span> <span class='ocrx_word' id='word_1_109' title='bbox 1109 1922 1239 1986; x_wconf 93' lang='lat' dir='ltr'>sint</span> <span class='ocrx_word' id='word_1_110' title='bbox 1267 1924 1589 2002; x_wconf 90' lang='lat' dir='ltr'>subiecta,</span> <span class='ocrx_word' id='word_1_111' title='bbox 1633 1924 1941 1988; x_wconf 84' lang='lat' dir='ltr'>virtutem</span> <span class='ocrx_word' id='word_1_112' title='bbox 1974 1921 2174 1990; x_wconf 87' lang='lat' dir='ltr'>homo</span> <span class='ocrx_word' id='word_1_113' title='bbox 2207 1943 2319 1989; x_wconf 92' lang='lat' dir='ltr'>co·</span> 
     </span>
     <span class='ocr_line' id='line_1_15' title="bbox 212 2031 2322 2118; baseline -0.001 -17"><span class='ocrx_word' id='word_1_114' title='bbox 212 2034 342 2114; x_wconf 88' lang='lat' dir='ltr'>lat,</span> <span class='ocrx_word' id='word_1_115' title='bbox 391 2035 478 2100; x_wconf 81' lang='lat' dir='ltr'>ad</span> <span class='ocrx_word' id='word_1_116' title='bbox 521 2043 740 2099; x_wconf 87' lang='lat' dir='ltr'>rectas</span> <span class='ocrx_word' id='word_1_117' title='bbox 782 2053 940 2118; x_wconf 90' lang='lat' dir='ltr'>spes</span> <span class='ocrx_word' id='word_1_118' title='bbox 983 2032 1269 2100; x_wconf 87' lang='lat' dir='ltr'>animum</span> <span class='ocrx_word' id='word_1_119' title='bbox 1310 2033 1612 2099; x_wconf 89' lang='lat' dir='ltr'>sublevet</span> <span class='ocrx_word' id='word_1_120' title='bbox 1654 2044 1720 2098; x_wconf 89' lang='lat' dir='ltr'>et</span> <span class='ocrx_word' id='word_1_121' title='bbox 1763 2031 2042 2098; x_wconf 85' lang='lat' dir='ltr'>humiles</span> <span class='ocrx_word' id='word_1_122' title='bbox 2082 2052 2322 2118; x_wconf 82' lang='lat' dir='ltr'>preces</span> 
     </span>
     <span class='ocr_line' id='line_1_16' title="bbox 212 2141 2322 2231; baseline -0.001 -19"><span class='ocrx_word' id='word_1_123' title='bbox 212 2148 286 2212; x_wconf 88' lang='lat' dir='ltr'>in</span> <span class='ocrx_word' id='word_1_124' title='bbox 333 2143 673 2211; x_wconf 86' lang='lat' dir='ltr'>excelsum</span> <span class='ocrx_word' id='word_1_125' title='bbox 713 2145 1049 2229; x_wconf 82' lang='lat' dir='ltr'>porrigat,</span> <span class='ocrx_word' id='word_1_126' title='bbox 1093 2164 1262 2231; x_wconf 87' lang='lat' dir='ltr'>quae</span> <span class='ocrx_word' id='word_1_127' title='bbox 1277 2190 1304 2224; x_wconf 88' lang='lat'><em>,</em></span> <span class='ocrx_word' id='word_1_128' title='bbox 1348 2144 1409 2210; x_wconf 87' lang='lat' dir='ltr'>si</span> <span class='ocrx_word' id='word_1_129' title='bbox 1448 2154 1674 2210; x_wconf 87' lang='lat' dir='ltr'>rectae</span> <span class='ocrx_word' id='word_1_130' title='bbox 1713 2144 1884 2224; x_wconf 87' lang='lat' dir='ltr'>sint,</span> <span class='ocrx_word' id='word_1_131' title='bbox 1939 2141 2322 2210; x_wconf 86' lang='lat' dir='ltr'>inefficaces</span> 
     </span>
     <span class='ocr_line' id='line_1_17' title="bbox 217 2260 1008 2342; baseline -0.004 -19"><span class='ocrx_word' id='word_1_132' title='bbox 217 2277 381 2323; x_wconf 88' lang='lat' dir='ltr'>esse</span> <span class='ocrx_word' id='word_1_133' title='bbox 421 2277 555 2322; x_wconf 89' lang='lat' dir='ltr'>non</span> <span class='ocrx_word' id='word_1_134' title='bbox 594 2260 1008 2342; x_wconf 83' lang='lat' dir='ltr'>possunt⁹⁸).</span> 
     </span>
    </p>
   </div>
   <div class='ocr_carea' id='block_1_3' title="bbox 135 2388 2329 2699">
    <p class='ocr_par' dir='ltr' id='par_1_5' title="bbox 135 2388 2329 2699">
     <span class='ocr_line' id='line_1_18' title="bbox 397 2388 2324 2477; baseline -0.002 -20"><span class='ocrx_word' id='word_1_135' title='bbox 397 2391 589 2467; x_wconf 84' lang='lat' dir='ltr'>Quae</span> <span class='ocrx_word' id='word_1_136' title='bbox 632 2394 719 2459; x_wconf 84' lang='lat' dir='ltr'>ad</span> <span class='ocrx_word' id='word_1_137' title='bbox 764 2392 1114 2458; x_wconf 81' lang='lat' dir='ltr'>Politicam</span> <span class='ocrx_word' id='word_1_138' title='bbox 1155 2401 1486 2477; x_wconf 86' lang='lat' dir='ltr'>spectant,</span> <span class='ocrx_word' id='word_1_139' title='bbox 1526 2390 1697 2461; x_wconf 84' lang='lat' dir='ltr'>haec</span> <span class='ocrx_word' id='word_1_140' title='bbox 1739 2410 1957 2475; x_wconf 89' lang='lat' dir='ltr'>pauca</span> <span class='ocrx_word' id='word_1_141' title='bbox 2001 2398 2190 2455; x_wconf 79' lang='lat' dir='ltr'>sunt:</span> <span class='ocrx_word' id='word_1_142' title='bbox 2232 2388 2324 2456; x_wconf 91' lang='lat' dir='ltr'>ci·</span> 
     </span>
     <span class='ocr_line' id='line_1_19' title="bbox 135 2500 2329 2590; baseline 0.001 -24"><span class='ocrx_word' id='word_1_143' title='bbox 135 2560 142 2566; x_wconf 87' lang='lat'><strong>.</strong></span> <span class='ocrx_word' id='word_1_144' title='bbox 217 2504 403 2572; x_wconf 83' lang='lat' dir='ltr'>vitas</span> <span class='ocrx_word' id='word_1_145' title='bbox 449 2503 695 2590; x_wconf 89' lang='lat' dir='ltr'>optima</span> <span class='ocrx_word' id='word_1_146' title='bbox 736 2524 819 2570; x_wconf 89' lang='lat' dir='ltr'>ea</span> <span class='ocrx_word' id='word_1_147' title='bbox 864 2524 1017 2570; x_wconf 88' lang='lat' dir='ltr'>esse</span> <span class='ocrx_word' id='word_1_148' title='bbox 1059 2502 1354 2584; x_wconf 82' lang='lat' dir='ltr'>videtur,</span> <span class='ocrx_word' id='word_1_149' title='bbox 1397 2522 1569 2590; x_wconf 86' lang='lat' dir='ltr'>quae</span> <span class='ocrx_word' id='word_1_150' title='bbox 1611 2521 1654 2568; x_wconf 90' lang='lat' dir='ltr'>a</span> <span class='ocrx_word' id='word_1_151' title='bbox 1699 2500 2115 2589; x_wconf 88' lang='lat' dir='ltr'>philosophis</span> <span class='ocrx_word' id='word_1_152' title='bbox 2156 2502 2329 2590; x_wconf 82' lang='lat' dir='ltr'>regi·</span> 
     </span>
     <span class='ocr_line' id='line_1_20' title="bbox 220 2615 1908 2699; baseline -0.004 -16"><span class='ocrx_word' id='word_1_153' title='bbox 220 2628 372 2684; x_wconf 85' lang='lat' dir='ltr'>tur:</span> <span class='ocrx_word' id='word_1_154' title='bbox 420 2627 486 2682; x_wconf 91' lang='lat' dir='ltr'>et</span> <span class='ocrx_word' id='word_1_155' title='bbox 526 2615 799 2681; x_wconf 83' lang='lat' dir='ltr'>libertas</span> <span class='ocrx_word' id='word_1_156' title='bbox 843 2624 946 2679; x_wconf 88' lang='lat' dir='ltr'>est</span> <span class='ocrx_word' id='word_1_157' title='bbox 989 2622 1444 2699; x_wconf 81' lang='lat' dir='ltr'>optemperare</span> <span class='ocrx_word' id='word_1_158' title='bbox 1485 2616 1774 2680; x_wconf 79' lang='lat' dir='ltr'>iustitiae</span> <span class='ocrx_word' id='word_1_159' title='bbox 1793 2616 1908 2699; x_wconf 79' lang='lat'><strong>⁹⁴).</strong></span> 
     </span>
    </p>
   </div>
   <div class='ocr_carea' id='block_1_4' title="bbox 227 2748 2342 3061">
    <p class='ocr_par' dir='ltr' id='par_1_6' title="bbox 227 2748 2342 3061">
     <span class='ocr_line' id='line_1_21' title="bbox 407 2748 2333 2836; baseline -0.002 -18"><span class='ocrx_word' id='word_1_160' title='bbox 407 2753 464 2818; x_wconf 89' lang='lat' dir='ltr'><strong>E</strong></span> <span class='ocrx_word' id='word_1_161' title='bbox 504 2749 785 2835; x_wconf 80' lang='lat' dir='ltr'>singulis</span> <span class='ocrx_word' id='word_1_162' title='bbox 821 2749 1229 2817; x_wconf 87' lang='lat' dir='ltr'>Boethianae</span> <span class='ocrx_word' id='word_1_163' title='bbox 1271 2749 1732 2836; x_wconf 86' lang='lat' dir='ltr'>philosophiae</span> <span class='ocrx_word' id='word_1_164' title='bbox 1778 2748 2046 2836; x_wconf 88' lang='lat' dir='ltr'>placitis</span> <span class='ocrx_word' id='word_1_165' title='bbox 2084 2751 2333 2835; x_wconf 86' lang='lat' dir='ltr'>vitupe-</span> 
     </span>
     <span class='ocr_line' id='line_1_22' title="bbox 227 2859 2336 2948; baseline -0.001 -19"><span class='ocrx_word' id='word_1_166' title='bbox 227 2864 373 2929; x_wconf 84' lang='lat' dir='ltr'>rari</span> <span class='ocrx_word' id='word_1_167' title='bbox 438 2873 718 2948; x_wconf 87' lang='lat' dir='ltr'>possunt</span> <span class='ocrx_word' id='word_1_168' title='bbox 761 2859 1001 2945; x_wconf 88' lang='lat' dir='ltr'>multa,</span> <span class='ocrx_word' id='word_1_169' title='bbox 1059 2862 1218 2928; x_wconf 87' lang='lat' dir='ltr'>vitio</span> <span class='ocrx_word' id='word_1_170' title='bbox 1283 2874 1501 2928; x_wconf 86' lang='lat' dir='ltr'>autem</span> <span class='ocrx_word' id='word_1_171' title='bbox 1564 2861 1679 2927; x_wconf 84' lang='lat' dir='ltr'>illa</span> <span class='ocrx_word' id='word_1_172' title='bbox 1721 2861 1855 2928; x_wconf 84' lang='lat' dir='ltr'>hoc</span> <span class='ocrx_word' id='word_1_173' title='bbox 1909 2860 2166 2928; x_wconf 88' lang='lat' dir='ltr'>laborat</span> <span class='ocrx_word' id='word_1_174' title='bbox 2206 2860 2336 2946; x_wconf 83' lang='lat' dir='ltr'>pri·</span> 
     </span>
     <span class='ocr_line' id='line_1_23' title="bbox 229 2971 2342 3061; baseline -0.002 -17"><span class='ocrx_word' id='word_1_175' title='bbox 229 2975 488 3053; x_wconf 80' lang='lat' dir='ltr'>mario,</span> <span class='ocrx_word' id='word_1_176' title='bbox 557 2974 731 3060; x_wconf 84' lang='lat' dir='ltr'>quod</span> <span class='ocrx_word' id='word_1_177' title='bbox 791 2973 1266 3040; x_wconf 78' lang='lat' dir='ltr'>dualismus</span> <span class='ocrx_word' id='word_1_178' title='bbox 1303 2975 1475 3040; x_wconf 85' lang='lat' dir='ltr'>inter</span> <span class='ocrx_word' id='word_1_179' title='bbox 1514 2974 1736 3054; x_wconf 81' lang='lat' dir='ltr'>deum,</span> <span class='ocrx_word' id='word_1_180' title='bbox 1800 2971 2063 3061; x_wconf 87' lang='lat' dir='ltr'>qualem</span> <span class='ocrx_word' id='word_1_181' title='bbox 2119 2972 2342 3040; x_wconf 84' lang='lat' dir='ltr'>ethica.</span> 
     </span>
    </p>
   </div>
   <div class='ocr_carea' id='block_1_5' title="bbox 237 3182 2346 3350">
    <p class='ocr_par' dir='ltr' id='par_1_7' title="bbox 237 3182 2346 3350">
     <span class='ocr_line' id='line_1_24' title="bbox 380 3182 2344 3258; baseline -0.004 -15"><span class='ocrx_word' id='word_1_182' title='bbox 380 3186 477 3256; x_wconf 90' lang='grc'>87)</span> <span class='ocrx_word' id='word_1_183' title='bbox 512 3183 578 3240; x_wconf 91' lang='grc' dir='ltr'>Ρ.</span> <span class='ocrx_word' id='word_1_184' title='bbox 616 3189 698 3243; x_wconf 88' lang='grc'>89.</span> <span class='ocrx_word' id='word_1_185' title='bbox 733 3183 826 3240; x_wconf 81' lang='lat' dir='ltr'>lv.</span> <span class='ocrx_word' id='word_1_186' title='bbox 862 3203 1023 3241; x_wconf 79' lang='lat' dir='ltr'>carm.</span> <span class='ocrx_word' id='word_1_187' title='bbox 1059 3189 1110 3242; x_wconf 89' lang='lat'>6.</span> <span class='ocrx_word' id='word_1_188' title='bbox 1178 3183 1527 3241; x_wconf 83' lang='lat' dir='ltr'>Providentia</span> <span class='ocrx_word' id='word_1_189' title='bbox 1561 3193 1645 3240; x_wconf 78' lang='lat' dir='ltr'>est</span> <span class='ocrx_word' id='word_1_190' title='bbox 1676 3183 1985 3258; x_wconf 58' lang='lat' dir='ltr'>aenei-alix,</span> <span class='ocrx_word' id='word_1_191' title='bbox 2019 3182 2185 3238; x_wconf 79' lang='lat' dir='ltr'>fatum</span> <span class='ocrx_word' id='word_1_192' title='bbox 2220 3200 2344 3255; x_wconf 78' lang='lat' dir='ltr'>spe·</span> 
     </span>
     <span class='ocr_line' id='line_1_25' title="bbox 237 3276 2346 3350; baseline -0.004 -14"><span class='ocrx_word' id='word_1_193' title='bbox 237 3278 433 3336; x_wconf 74' lang='lat' dir='ltr'>ctale:</span> <span class='ocrx_word' id='word_1_194' title='bbox 483 3278 579 3333; x_wconf 80' lang='lat' dir='ltr'>sed</span> <span class='ocrx_word' id='word_1_195' title='bbox 625 3278 871 3333; x_wconf 83' lang='lat' dir='ltr'>Platonis</span> <span class='ocrx_word' id='word_1_196' title='bbox 907 3278 976 3334; x_wconf 88' lang='lat' dir='ltr'>de</span> <span class='ocrx_word' id='word_1_197' title='bbox 1026 3278 1373 3334; x_wconf 81' lang='lat' dir='ltr'>daemonibus</span> <span class='ocrx_word' id='word_1_198' title='bbox 1424 3288 1478 3334; x_wconf 85' lang='lat' dir='ltr'>et</span> <span class='ocrx_word' id='word_1_199' title='bbox 1527 3278 1786 3336; x_wconf 78' lang='lat' dir='ltr'>sideribus</span> <span class='ocrx_word' id='word_1_200' title='bbox 1836 3277 1952 3350; x_wconf 83' lang='lat' dir='ltr'><strong>[vd.</strong></span> <span class='ocrx_word' id='word_1_201' title='bbox 2003 3277 2145 3332; x_wconf 80' lang='lat' dir='ltr'>vau.</span> <span class='ocrx_word' id='word_1_202' title='bbox 2189 3276 2346 3344; x_wconf 88' lang='grc'><strong>1.1.],</strong></span> 
     </span>
    </p>
   </div>
   <div class='ocr_carea' id='block_1_6' title="bbox 235 3367 2351 3535">
    <p class='ocr_par' dir='ltr' id='par_1_8' title="bbox 235 3367 2351 3535">
     <span class='ocr_line' id='line_1_26' title="bbox 235 3367 2351 3444; baseline 0 -20"><span class='ocrx_word' id='word_1_203' title='bbox 235 3372 439 3442; x_wconf 82' lang='lat' dir='ltr'>quihus</span> <span class='ocrx_word' id='word_1_204' title='bbox 489 3370 672 3437; x_wconf 86' lang='lat' dir='ltr'>,satum</span> <span class='ocrx_word' id='word_1_205' title='bbox 710 3375 1028 3440; x_wconf 81' lang='lat' dir='ltr'>exercetur‘,</span> <span class='ocrx_word' id='word_1_206' title='bbox 1078 3372 1390 3426; x_wconf 79' lang='lat' dir='ltr'>sententiam</span> <span class='ocrx_word' id='word_1_207' title='bbox 1425 3367 1630 3427; x_wconf 87' lang='lat' dir='ltr'>Boeth.</span> <span class='ocrx_word' id='word_1_208' title='bbox 1680 3372 1913 3444; x_wconf 81' lang='lat' dir='ltr'>probare</span> <span class='ocrx_word' id='word_1_209' title='bbox 1960 3387 2073 3426; x_wconf 87' lang='lat' dir='ltr'>nou</span> <span class='ocrx_word' id='word_1_210' title='bbox 2118 3371 2351 3439; x_wconf 80' lang='lat' dir='ltr'>videtur,</span> 
     </span>
     <span class='ocr_line' id='line_1_27' title="bbox 236 3464 687 3535; baseline 0.004 -17"><span class='ocrx_word' id='word_1_211' title='bbox 236 3464 334 3519; x_wconf 79' lang='lat' dir='ltr'>vd.</span> <span class='ocrx_word' id='word_1_212' title='bbox 379 3482 435 3535; x_wconf 84' lang='lat' dir='ltr'>p.</span> <span class='ocrx_word' id='word_1_213' title='bbox 474 3469 561 3526; x_wconf 87' lang='lat'>88,</span> <span class='ocrx_word' id='word_1_214' title='bbox 599 3469 687 3522; x_wconf 80' lang='lat'>30.</span> 
     </span>
    </p>
   </div>
   <div class='ocr_carea' id='block_1_7' title="bbox 387 3578 2182 3747">
    <p class='ocr_par' dir='ltr' id='par_1_9' title="bbox 387 3578 2182 3747">
     <span class='ocr_line' id='line_1_28' title="bbox 387 3578 2182 3657; baseline -0.001 -17"><span class='ocrx_word' id='word_1_215' title='bbox 387 3583 485 3654; x_wconf 89' lang='grc'>88)</span> <span class='ocrx_word' id='word_1_216' title='bbox 523 3581 740 3638; x_wconf 77' lang='lat' dir='ltr'>Ibidem.</span> <span class='ocrx_word' id='word_1_217' title='bbox 844 3582 936 3652; x_wconf 88' lang='lat'>89)</span> <span class='ocrx_word' id='word_1_218' title='bbox 965 3579 1030 3637; x_wconf 88' lang='lat' dir='ltr'>P.</span> <span class='ocrx_word' id='word_1_219' title='bbox 1059 3587 1144 3640; x_wconf 91' lang='grc'>90.</span> <span class='ocrx_word' id='word_1_220' title='bbox 1183 3581 1317 3639; x_wconf 80' lang='lat' dir='ltr'>Tim.</span> <span class='ocrx_word' id='word_1_221' title='bbox 1353 3601 1408 3656; x_wconf 84' lang='lat' dir='ltr'>p.</span> <span class='ocrx_word' id='word_1_222' title='bbox 1444 3588 1529 3644; x_wconf 75' lang='lat'>42.</span> <span class='ocrx_word' id='word_1_223' title='bbox 1565 3578 1637 3638; x_wconf 88' lang='lat' dir='ltr'>D.</span> <span class='ocrx_word' id='word_1_224' title='bbox 1672 3579 1809 3657; x_wconf 87' lang='lat' dir='ltr'>Rep.</span> <span class='ocrx_word' id='word_1_225' title='bbox 1846 3587 1965 3642; x_wconf 80' lang='lat'><strong>443.</strong></span> <span class='ocrx_word' id='word_1_226' title='bbox 2005 3580 2065 3637; x_wconf 78' lang='lat' dir='ltr'>G.</span> <span class='ocrx_word' id='word_1_227' title='bbox 2106 3580 2182 3639; x_wconf 89' lang='lat' dir='ltr'>D.</span> 
     </span>
     <span class='ocr_line' id='line_1_29' title="bbox 387 3673 1223 3747; baseline -0.004 -14"><span class='ocrx_word' id='word_1_228' title='bbox 387 3677 487 3747; x_wconf 84' lang='lat'>90)</span> <span class='ocrx_word' id='word_1_229' title='bbox 523 3673 590 3731; x_wconf 84' lang='lat' dir='ltr'>P.</span> <span class='ocrx_word' id='word_1_230' title='bbox 625 3682 710 3734; x_wconf 87' lang='lat'>98.</span> <span class='ocrx_word' id='word_1_231' title='bbox 744 3680 833 3735; x_wconf 88' lang='lat'>99.</span> <span class='ocrx_word' id='word_1_232' title='bbox 869 3675 938 3730; x_wconf 80' lang='lat' dir='ltr'>V.</span> <span class='ocrx_word' id='word_1_233' title='bbox 972 3692 1133 3731; x_wconf 76' lang='lat' dir='ltr'><strong>carm.</strong></span> <span class='ocrx_word' id='word_1_234' title='bbox 1173 3683 1223 3734; x_wconf 89' lang='lat'>1.</span> 
     </span>
    </p>
   </div>
   <div class='ocr_carea' id='block_1_8' title="bbox 236 3791 2356 4055">
    <p class='ocr_par' dir='ltr' id='par_1_10' title="bbox 236 3791 2356 4055">
     <span class='ocr_line' id='line_1_30' title="bbox 389 3791 2356 3866; baseline -0.002 -15"><span class='ocrx_word' id='word_1_235' title='bbox 389 3796 485 3860; x_wconf 88' lang='lat'>91)</span> <span class='ocrx_word' id='word_1_236' title='bbox 521 3791 586 3847; x_wconf 92' lang='grc' dir='ltr'>Ρ.</span> <span class='ocrx_word' id='word_1_237' title='bbox 621 3798 691 3851; x_wconf 88' lang='lat'>99</span> <span class='ocrx_word' id='word_1_238' title='bbox 729 3804 851 3861; x_wconf 67' lang='lat' dir='ltr'>etc„</span> <span class='ocrx_word' id='word_1_239' title='bbox 899 3811 953 3866; x_wconf 85' lang='lat' dir='ltr'>p.</span> <span class='ocrx_word' id='word_1_240' title='bbox 988 3793 1094 3852; x_wconf 77' lang='lat'>360</span> <span class='ocrx_word' id='word_1_241' title='bbox 1128 3794 1213 3849; x_wconf 83' lang='lat' dir='ltr'>ed.</span> <span class='ocrx_word' id='word_1_242' title='bbox 1251 3793 1430 3849; x_wconf 67' lang='lat' dir='ltr'>Glane</span> <span class='ocrx_word' id='word_1_243' title='bbox 1480 3791 1727 3850; x_wconf 79' lang='lat' dir='ltr'>liberum</span> <span class='ocrx_word' id='word_1_244' title='bbox 1776 3793 2086 3850; x_wconf 74' lang='lat' dir='ltr'>arbitrium</span> <span class='ocrx_word' id='word_1_245' title='bbox 2134 3810 2248 3849; x_wconf 80' lang='lat' dir='ltr'>non</span> <span class='ocrx_word' id='word_1_246' title='bbox 2290 3796 2356 3849; x_wconf 75' lang='lat' dir='ltr'>in</span> 
     </span>
     <span class='ocr_line' id='line_1_31' title="bbox 236 3887 2350 3970; baseline 0.001 -26"><span class='ocrx_word' id='word_1_247' title='bbox 236 3887 549 3944; x_wconf 75' lang='lat' dir='ltr'>voluntate</span> <span class='ocrx_word' id='word_1_248' title='bbox 596 3894 851 3957; x_wconf 72' lang='lat' dir='ltr'>constat,</span> <span class='ocrx_word' id='word_1_249' title='bbox 900 3887 1004 3942; x_wconf 65' lang='lat' dir='ltr'>sed</span> <span class='ocrx_word' id='word_1_250' title='bbox 1051 3891 1114 3942; x_wconf 79' lang='lat' dir='ltr'>in</span> <span class='ocrx_word' id='word_1_251' title='bbox 1160 3888 1518 3970; x_wconf 61' lang='lat' dir='ltr'>iudicatione</span> <span class='ocrx_word' id='word_1_252' title='bbox 1563 3895 1622 3943; x_wconf 84' lang='lat' dir='ltr'>et</span> <span class='ocrx_word' id='word_1_253' title='bbox 1669 3905 1783 3943; x_wconf 79' lang='lat' dir='ltr'>non</span> <span class='ocrx_word' id='word_1_254' title='bbox 1816 3891 1880 3943; x_wconf 72' lang='lat' dir='ltr'>tn</span> <span class='ocrx_word' id='word_1_255' title='bbox 1912 3891 2350 3962; x_wconf 61' lang='lat' dir='ltr'>imaginatione,</span> 
     </span>
     <span class='ocr_line' id='line_1_32' title="bbox 236 3974 2356 4055; baseline -0.001 -18"><span class='ocrx_word' id='word_1_256' title='bbox 236 3980 354 4037; x_wconf 74' lang='lat' dir='ltr'>sed</span> <span class='ocrx_word' id='word_1_257' title='bbox 386 3984 452 4033; x_wconf 77' lang='lat' dir='ltr'>in</span> <span class='ocrx_word' id='word_1_258' title='bbox 495 3981 929 4052; x_wconf 69' lang='lat' dir='ltr'>imaqinatiom&#39;s</span> <span class='ocrx_word' id='word_1_259' title='bbox 971 3987 1367 4055; x_wconf 63' lang='lat' dir='ltr'>perpendam.</span> <span class='ocrx_word' id='word_1_260' title='bbox 1436 3983 1608 4037; x_wconf 77' lang='lat' dir='ltr'>Aliter</span> <span class='ocrx_word' id='word_1_261' title='bbox 1652 3981 1814 4038; x_wconf 76' lang='lat' dir='ltr'>Plato</span> <span class='ocrx_word' id='word_1_262' title='bbox 1866 3982 2005 4055; x_wconf 84' lang='lat' dir='ltr'>Rep.</span> <span class='ocrx_word' id='word_1_263' title='bbox 2041 4000 2096 4054; x_wconf 87' lang='lat' dir='ltr'>p.</span> <span class='ocrx_word' id='word_1_264' title='bbox 2132 3986 2250 4038; x_wconf 83' lang='lat'><strong>617.</strong></span> <span class='ocrx_word' id='word_1_265' title='bbox 2270 3974 2356 4035; x_wconf 67' lang='lat'><strong>⁴132.</strong></span> 
     </span>
    </p>
   </div>
   <div class='ocr_carea' id='block_1_9' title="bbox 388 4097 1430 4174">
    <p class='ocr_par' dir='ltr' id='par_1_11' title="bbox 388 4097 1430 4174">
     <span class='ocr_line' id='line_1_33' title="bbox 388 4097 1430 4174; baseline 0 -18"><span class='ocrx_word' id='word_1_266' title='bbox 388 4100 492 4168; x_wconf 73' lang='grc'>92)</span> <span class='ocrx_word' id='word_1_267' title='bbox 528 4098 595 4152; x_wconf 89' lang='grc' dir='ltr'><strong>Ρ.</strong></span> <span class='ocrx_word' id='word_1_268' title='bbox 633 4104 750 4156; x_wconf 81' lang='grc'><strong>114.</strong></span> <span class='ocrx_word' id='word_1_269' title='bbox 809 4097 1061 4172; x_wconf 87' lang='lat' dir='ltr'>Epinom.</span> <span class='ocrx_word' id='word_1_270' title='bbox 1096 4118 1152 4174; x_wconf 85' lang='lat' dir='ltr'>p.</span> <span class='ocrx_word' id='word_1_271' title='bbox 1197 4106 1318 4161; x_wconf 73' lang='lat'><strong>982.</strong></span> <span class='ocrx_word' id='word_1_272' title='bbox 1357 4098 1430 4156; x_wconf 84' lang='grc' dir='ltr'>Β.</span> 
     </span>
    </p>
   </div>
   <div class='ocr_carea' id='block_1_10' title="bbox 238 4214 2362 4490">
    <p class='ocr_par' dir='ltr' id='par_1_12' title="bbox 238 4214 2362 4490">
     <span class='ocr_line' id='line_1_34' title="bbox 388 4214 2362 4284; baseline -0.001 -11"><span class='ocrx_word' id='word_1_273' title='bbox 388 4218 493 4284; x_wconf 80' lang='grc'><strong>93)</strong></span> <span class='ocrx_word' id='word_1_274' title='bbox 530 4216 595 4271; x_wconf 89' lang='grc' dir='ltr'><strong>Ρ.</strong></span> <span class='ocrx_word' id='word_1_275' title='bbox 635 4222 750 4275; x_wconf 84' lang='lat'><strong>115.</strong></span> <span class='ocrx_word' id='word_1_276' title='bbox 789 4223 907 4276; x_wconf 86' lang='lat'><strong>116.</strong></span> <span class='ocrx_word' id='word_1_277' title='bbox 975 4219 1068 4275; x_wconf 80' lang='lat' dir='ltr'>De</span> <span class='ocrx_word' id='word_1_278' title='bbox 1100 4223 1437 4276; x_wconf 75' lang='lat' dir='ltr'>necessitate</span> <span class='ocrx_word' id='word_1_279' title='bbox 1470 4228 1527 4274; x_wconf 85' lang='lat' dir='ltr'>et</span> <span class='ocrx_word' id='word_1_280' title='bbox 1558 4233 1697 4276; x_wconf 78' lang='lat' dir='ltr'>casu</span> <span class='ocrx_word' id='word_1_281' title='bbox 1745 4218 1834 4275; x_wconf 67' lang='lat' dir='ltr'>vu.</span> <span class='ocrx_word' id='word_1_282' title='bbox 1872 4227 1927 4275; x_wconf 89' lang='lat' dir='ltr'>et</span> <span class='ocrx_word' id='word_1_283' title='bbox 1974 4215 2268 4272; x_wconf 77' lang='lat' dir='ltr'>comment.</span> <span class='ocrx_word' id='word_1_284' title='bbox 2304 4214 2362 4271; x_wconf 83' lang='lat' dir='ltr'>in</span> 
     </span>
     <span class='ocr_line' id='line_1_35' title="bbox 238 4310 2021 4381; baseline -0.002 -14"><span class='ocrx_word' id='word_1_285' title='bbox 238 4311 362 4367; x_wconf 76' lang='lat' dir='ltr'>cic.</span> <span class='ocrx_word' id='word_1_286' title='bbox 405 4310 547 4381; x_wconf 86' lang='lat' dir='ltr'>Top.</span> <span class='ocrx_word' id='word_1_287' title='bbox 586 4328 638 4380; x_wconf 91' lang='lat' dir='ltr'>p.</span> <span class='ocrx_word' id='word_1_288' title='bbox 673 4315 793 4369; x_wconf 80' lang='lat'><strong>374.</strong></span> <span class='ocrx_word' id='word_1_289' title='bbox 839 4310 986 4367; x_wconf 88' lang='lat' dir='ltr'>Bait.</span> <span class='ocrx_word' id='word_1_290' title='bbox 1994 4333 2021 4364; x_wconf 61' lang='lat'>3·</span> 
     </span>
     <span class='ocr_line' id='line_1_36' title="bbox 394 4401 1969 4490; baseline 0.005 -35"><span class='ocrx_word' id='word_1_291' title='bbox 394 4405 495 4470; x_wconf 80' lang='lat'>94)</span> <span class='ocrx_word' id='word_1_292' title='bbox 531 4401 598 4456; x_wconf 89' lang='grc' dir='ltr'>Ρ.</span> <span class='ocrx_word' id='word_1_293' title='bbox 634 4408 720 4459; x_wconf 80' lang='grc'>12.</span> <span class='ocrx_word' id='word_1_294' title='bbox 757 4409 840 4463; x_wconf 80' lang='grc'>13.</span> <span class='ocrx_word' id='word_1_295' title='bbox 878 4406 950 4462; x_wconf 81' lang='lat' dir='ltr'>ib.</span> <span class='ocrx_word' id='word_1_296' title='bbox 987 4406 1128 4462; x_wconf 81' lang='lat' dir='ltr'>van.</span> <span class='ocrx_word' id='word_1_297' title='bbox 1168 4416 1223 4462; x_wconf 85' lang='lat' dir='ltr'>et</span> <span class='ocrx_word' id='word_1_298' title='bbox 1257 4406 1443 4462; x_wconf 79' lang='lat' dir='ltr'>Sitzm.</span> <span class='ocrx_word' id='word_1_299' title='bbox 1496 4449 1527 4490; x_wconf 42' lang='grc' dir='ltr'><strong>β</strong></span> <span class='ocrx_word' id='word_1_300' title='bbox 1952 4435 1969 4470; x_wconf 68' lang='lat'><em>1</em></span> 
     </span>
    </p>
   </div>
  </div>
 </body>
</html>
