2867 5125
621 389 750 456 144
1140 392 2181 463 Anno-rariores

618 577 852 639 tatione
894 578 1315 644 confirmatam
1356 586 1631 647 invenies
1647 604 1668 645 ε
1705 595 2019 664 praetura
2052 591 2122 651 iu
2161 591 2317 654 nmis
2355 595 2462 655 bin
2487 592 2693 657 michel

609 683 867 760 yevvdlt
907 685 1026 743 etc.
1068 714 1155 727 ——
1226 686 1308 745 ib.
1362 686 1460 748 17.
1505 708 1711 767 mayn.
1755 688 1931 771 hah]
1995 693 2361 783 Pompeium
2389 697 2691 776 intellegit,

615 785 699 845 cf.
744 784 916 845 Cass.
961 785 1064 858 VI,
1116 785 1236 861 18„
1302 791 1543 849 abiecta
1584 794 1790 851 autem
1851 812 1928 853 ea
1983 796 2379 871 praefectura
2434 800 2691 873 tempore

610 887 832 948 Boeth.
894 888 1048 960 fuit,
1106 890 1275 966 quod
1328 891 1701 952 frumentum
1745 894 1807 952 in
1868 899 2197 972 provinciis
2256 899 2453 975 praef.
2506 903 2687 975 praet.

611 988 728 1068 (cf.
772 988 826 1057 1,
871 986 932 1046 4.
974 1005 1038 1063 p.
1092 990 1266 1067 124.)
1312 992 1593 1072 cogebat,
1653 1011 1935 1057 annonae
1997 1004 2200 1058 autem
2243 1002 2440 1076 praef.
2486 1021 2690 1061 censu-

607 1108 740 1149 ram
782 1090 1024 1147 tantum
1068 1093 1130 1149 in
1176 1095 1442 1169 pistores
1487 1094 1656 1152 urbis
1702 1100 2042 1174 exercebat,
2083 1101 2183 1158 vd.
2233 1102 2407 1160 Casa
2453 1103 2531 1159 ib.
2568 1133 2648 1146 -

778 1191 978 1251 Carm-
1026 1194 1131 1268 IV,
1179 1193 1236 1253 7.
1265 1190 1478 1275 putet]
1520 1196 1738 1257 Flam:
1779 1202 1866 1262 τίς
1897 1197 1948 1269 γ’
1962 1197 2274 1271 εὐδαίμονα
2299 1204 2405 1257 νῦν
2437 1201 2684 1273 λογίσσετ’

604 1293 775 1367 ’ὄγκον
808 1293 959 1373 (leg.
976 1313 995 1352 τ
1030 1294 1299 1367 ληίζετ’),
1334 1293 1403 1352 ὃν
1437 1298 1841 1366 κακοδαίμονες
1873 1294 2286 1354 ἐκδιδοῦσιν.-

777 1396 928 1474 Cap.
972 1398 1044 1456 V.
1090 1396 1172 1456 in.
1215 1388 1413 1473 valet]
1474 1393 1614 1451 Hoc
1658 1393 1902 1452 dicendi
1944 1413 2140 1472 genus
2186 1394 2353 1469 quod
2393 1395 2558 1470 apud
2585 1415 2688 1454 an-

600 1501 806 1575 tiquos
852 1499 1188 1574 scriptores
1246 1496 1512 1570 optimos
1556 1497 1862 1555 invenitur
1919 1494 2169 1573 (Klotz.
2216 1495 2295 1556 ad
2338 1494 2466 1554 Cic.
2508 1498 2687 1557 Tusc.

597 1599 651 1672 1,
698 1597 801 1672 31,
848 1597 949 1656 77.
994 1597 1260 1658 Ellendt.
1312 1598 1388 1656 de
1434 1597 1536 1656 Or.
1584 1592 1638 1671 I,
1689 1595 1792 1670 60,
1838 1596 1982 1655 257.
2022 1597 2196 1657 Iahn.
2242 1598 2321 1656 ad
2375 1598 2531 1660 Hor.
2576 1600 2687 1661 011.

593 1698 649 1776 I,
697 1698 799 1775 24,
845 1697 940 1775 8.)
998 1699 1099 1758 hic
1141 1698 1402 1757 Boethio
1463 1699 1740 1775 reddidi,
1785 1699 1867 1758 cf.
1907 1694 1995 1772 Π,
2039 1697 2100 1759 6.
2144 1719 2208 1777 Ρ.
2254 1697 2357 1772 35,
2408 1697 2506 1758 15.
2571 1697 2688 1775 ΙΠ,

600 1801 700 1862 10.
744 1820 808 1878 Ρ.
857 1798 960 1876 61,
1005 1799 1107 1860 35.
1165 1802 1277 1858 ubi
1315 1799 1476 1858 male
1518 1799 1701 1861 Wolf.
1766 1801 2228 1861 desiderantur.
2289 1800 2385 1859 De
2426 1801 2480 1875 Ι,
2527 1799 2585 1861 6.
2626 1822 2689 1879 Ρ.

598 1902 698 1977 17,
747 1901 846 1963 11.
892 1906 955 1963 et
994 1902 1102 1973 lv,
1147 1899 1208 1959 3.
1254 1919 1318 1976 p.
1366 1898 1471 1972 79,
1504 1898 1565 1957 8.
1611 1899 1717 1974 qui
1761 1898 1886 1959 loci
1928 1901 2367 1977 proculdubio
2413 1907 2688 1981 corrupti

591 2009 756 2077 sunt,
800 2004 899 2066 vd.
942 2003 1093 2062 Not.
1130 2030 1215 2043 --·
1292 2019 1356 2075 Ρ.
1403 1998 1507 2072 49,
1563 1998 1666 2057 28.
1716 1997 1904 2081 Sem]
1968 2002 2080 2061 Vd.
2128 2003 2278 2064 Tac.
2318 2004 2482 2065 Ann.
2525 2006 2686 2079 XIV,

591 2104 693 2166 52.
739 2102 842 2163 53.
870 2101 972 2162 65.
1015 2104 1146 2175 XV,
1192 2097 1293 2160 56.
1343 2097 1402 2158 6.
1450 2100 1545 2159 De
1586 2102 1817 2174 Papia.
1846 2104 1997 2160 Aur.
2031 2104 2185 2161 Vict.
2234 2103 2310 2162 de
2337 2105 2513 2164 Caes.
2546 2108 2686 2182 XX,

588 2206 690 2269 33.
714 2208 943 2283 Spart.
989 2205 1203 2263 Carae.
1251 2202 1312 2260 8.
1356 2203 1644 2262 Antonin.
1689 2199 1808 2278 leg.
1840 2205 2022 2262 etiam
2048 2203 2271 2264 Nutha
2314 2207 2468 2266 Alsa
2488 2208 2687 2284 ῃεόὃί

588 2310 877 2369 Antonin.
923 2312 1323 2383 cognomento
1359 2306 1511 2379 pius
1553 2304 1715 2363 XII.
1759 2303 1839 2360 ab
1883 2309 2186 2382 Augusta.
2229 2334 2312 2350 -

756 2411 906 2486 Cap.
955 2409 1076 2469 VI..
1122 2427 1185 2484 p.
1233 2403 1337 2480 50,
1391 2405 1489 2465 15.
1545 2400 1869 2482 proxima]
1934 2404 2091 2463 Van.
2138 2408 2202 2465 et
2247 2407 2534 2488 Freytag.
2591 2409 2689 2486 (in

581 2528 740 2571 vers.
787 2514 1005 2591 germ.)
1059 2529 1182 2586 pro
1224 2510 1545 2584 maxima3
1607 2508 1718 2568 sed
1760 2506 1905 2567 mihi
1962 2506 2117 2565 haec
2185 2511 2491 2569 sententia
2545 2530 2690 2572 esse

578 2613 856 2672 videtur:
900 2615 1132 2687 ,Turpe
1181 2608 1426 2686 quidem
1471 2610 1599 2682 est,
1665 2607 1888 2666 famam
1931 2627 2055 2667 non
2094 2611 2455 2685 extendere,
2518 2617 2587 2672 at
2633 2617 2688 2674 si
2751 2677 2780 2700 ,Β

580 2732 654 2776 ea
698 2714 1058 2787 extenditur,
1107 2711 1184 2770 ad
1229 2711 1441 2788 plures
1486 2711 1701 2788 gentes
1742 2712 2059 2784 perveniat
2086 2730 2340 2772 necesse
2386 2718 2514 2772 estz
2561 2717 2689 2776 hoc

574 2829 720 2874 vero
742 2813 1010 2889 difficile,
1041 2833 1231 2890 quare
1256 2832 1437 2890 quem
1471 2815 1539 2868 tu
1581 2812 1762 2887 putas
1793 2811 1958 2886 apud
2001 2829 2115 2869 nos
2150 2812 2400 2887 clarum,
2431 2816 2495 2873 in
2543 2817 2688 2876 aliis

575 2916 754 2973 terris
801 2933 926 2972 non
972 2916 1175 2975 clarus
1223 2915 1360 2976 est.‘
1419 2915 1671 2971 Retinui
1713 2913 1899 2989 igitur
1941 2911 2086 2969 lect.
2128 2912 2291 2991 vulg.
2337 2916 2448 2972 sed
2492 2936 2689 2991 prae—
2731 2933 2750 2950 ‘

569 3031 705 3091 pos.
750 3018 834 3091 in,
867 3034 1024 3091 quae
1070 3018 1148 3074 ob
1192 3015 1666 3093 praecedentem
1710 3013 1975 3071 litteram
2020 3032 2079 3071 m
2126 3012 2306 3073 facile
2356 3017 2689 3078 absorberi

566 3118 834 3190 poterat,
881 3116 1229 3176 addendam
1270 3136 1405 3176 esse
1437 3116 1618 3174 duco.
1661 3114 1759 3172 Ad
1796 3117 1950 3171 sent.
1997 3113 2108 3171 cfr.
2151 3108 2237 3186 H,
2286 3115 2343 3172 7.
2373 3136 2437 3193 Ρ.
2484 3118 2597 3193 37,
2620 3120 2688 3185 5.

740 3216 939 3277 Carm.
986 3221 1088 3293 VI,
1143 3220 1198 3281 1.
1241 3222 1573 3278 humanum
1610 3237 1758 3296 gen.
1805 3216 2019 3293 legunt
2046 3214 2329 3275 Pulman.
2360 3223 2422 3277 et
2455 3224 2687 3298 ceteri,

568 3307 670 3391 qu'i
718 3317 847 3375 eius
893 3320 1089 3377 textus
1139 3321 1560 3378 recensionem
1603 3321 1868 3380 servant.
1913 3346 2001 3360 —
2042 3336 2097 3375 v.
2145 3316 2205 3375 3.
2251 3318 2355 3383 Εἷς
2382 3319 2489 3392 γὰρ
2527 3322 2686 3378 κάν-

563 3436 680 3472 των
729 3416 843 3473 ἐστὶ
889 3417 1092 3489 πατὴρ,
1145 3418 1226 3482 εἷς
1273 3414 1339 3481 ὃς
1392 3418 1580 3474 πάντα
1641 3422 1840 3475 διοικεῖ
1899 3415 1998 3499 [--·:
2030 3440 2195 3479 unus
2239 3423 2348 3498 qui
2389 3441 2443 3479 c.
2489 3422 2685 3501 mim]

562 3513 740 3575 Plan.
787 3546 874 3560 --

734 3619 886 3696 Cap.
930 3620 1066 3680 VII.
1108 3620 1193 3676 in.
1237 3620 1358 3677 vol.
1391 3637 1562 3693 corp.
1606 3618 1700 3677 cd.
1748 3624 1821 3695 A,
1866 3619 1962 3677 vd.
2014 3622 2141 3681 Cic.
2173 3621 2305 3681 Cat.
2342 3625 2481 3681 mai.
2513 3625 2686 3698 XII,

563 3716 666 3777 39.
727 3721 902 3796 XIII,
965 3720 1068 3780 45.
1113 3749 1196 3765 --
1273 3739 1335 3795 p.
1383 3720 1487 3793 52,
1539 3719 1635 3779 11.
1680 3723 1893 3780 nescio
1947 3718 2160 3803 quem]
2204 3724 2492 3784 Fortasse
2568 3724 2688 3804 [ut

560 3821 714 3879 Vall.
759 3821 1024 3898 videtur]
1070 3822 1129 3878 in
1175 3822 1466 3878 memoria
1495 3821 1707 3880 habuit
1744 3839 1902 3881 vers.
1935 3824 2147 3897 Eveni,
2195 3828 2299 3900 qui
2346 3830 2505 3885 extat
2563 3847 2686 3904 ap.

559 3921 878 3984 Plutarch.
945 3924 1102 4005 (περὶ
1136 3927 1449 3993 φιλοστοργ.
1493 3941 1543 3980 s.
1589 3922 1664 3996 f.)
1702 3928 1764 3981 et
1808 3926 2177 3990 Artemidor.
2239 3928 2582 3988 onirocrit.
2623 3930 2687 4002 1,

563 4023 658 4086 16.
731 4025 844 4083 Ἴδε
893 4023 994 4098 ὅση
1047 4014 1192 4093 λύπη
1242 4029 1379 4085 παῖς
1429 4025 1598 4108 πᾳτρὶ
1647 4023 1835 4079 πάντα
1881 4027 2101 4097 χρόνον.
2140 4057 2206 4071 -—
2264 4030 2518 4103 Eurip„
2579 4032 2678 4089 cf.

555 4126 847 4184 Androm.
898 4124 1039 4183 394.
1081 4123 1175 4180 ed.
1205 4123 1474 4198 Musgr.=
1521 4126 1655 4182 πᾶσι
1677 4119 1725 4179 δ’
1760 4119 2089 4192 ἀνθρώποις
2105 4118 2284 4197 ἄρ’ἦν
2317 4127 2468 4198 ψυχή
2492 4128 2688 4199 τέκν’,

555 4216 708 4284 ὅστις
732 4218 779 4277 δ’
803 4215 925 4276 αὔτ’
963 4213 1191 4286 ἄπειρος
1225 4212 1307 4271 ὤν
1319 4216 1499 4287 ψέγει,
1521 4210 1697 4286 ἧσσον
1730 4215 1829 4284 μὲν
1864 4212 2035 4284 ἀλγεῖ,
2072 4221 2352 4289 δυςτυχῶν
2386 4217 2434 4275 δ’
2466 4217 2694 4277 edom-

551 4328 729 4389 μονεῖ.
751 4351 820 4362 --·
