2867 5125
969 466 1378 534 Carum
1462 467 1550 534 11.
2185 484 2298 536 xm

208 639 529 706 existente
581 636 904 703 intuetur:
946 640 1128 703 ratio
1192 636 2054 715 [verstandeserkenntniss]
2071 682 2090 715 ,
2132 655 2306 722 qnae

198 772 306 817 ‚res
349 772 395 816 a
420 749 748 815 senaibm
776 759 843 813 et
871 749 1336 833 imaginatione
1367 751 1743 836 singulatim
1771 757 2136 833 speetataS,
2164 749 2304 812 uai-

194 863 493 927 oersales
535 862 834 925 notiones
874 860 1253 925 considerat
1276 860 1425 947 ’ἢκ
1469 861 1911 950 ἰπῑεὶἰεῃεπᾷα
1942 856 2304 945 [vernunst-

208 969 685 1055 erkenntniss],
729 990 901 1056 quae
942 991 1076 1035 non
1120 971 1314 1039 modo
1357 991 1470 1037 res
1513 971 1705 1059 quasi
1745 967 2155 1038 universales
2187 990 2307 1035 no-

206 1083 440 1160 tioneS,
487 1082 608 1147 sed
654 1082 848 1146 etiam
894 1101 1116 1149 earum
1154 1082 1524 1161 materiam,
1565 1093 1869 1148 naturam
1913 1082 2208 1166 [wesen]
2241 1090 2307 1146 et

206 1185 499 1278 speeiem
535 1191 1029 1277 [en-soheinung]
1059 1191 1540 1278 contemplatur
1561 1196 1690 1273 ⁶⁹).
1753 1190 2106 1272 Animalia,
2136 1212 2309 1277 quae

204 1301 565 1370 immobilia
603 1314 776 1387 sunt,
803 1305 1111 1370 sensibus
1151 1302 1385 1383 solum,
1428 1323 1511 1369 ea
1553 1286 1793 1385 autem,
1837 1305 2072 1389 quibus
2105 1324 2308 1388 appe-

216 1416 391 1481 tendi
437 1413 863 1500 fugiendique
904 1417 1011 1481 vis
1052 1417 1268 1499 inest,
1322 1416 1791 1500 imaginatione
1833 1414 2118 1500 quadam
2157 1423 2315 1479 sunt

216 1526 553 1611 praedita:
612 1527 781 1591 ratio
824 1525 1157 1592 hominum
1174 1571 1196 1606 ‚
1255 1523 1704 1610 intellegentia
1762 1524 1869 1589 dei
1925 1531 2032 1590 est
2053 1526 2186 1606 ⁶⁰).
2232 1557 2314 1578 -·-

206 1636 466 1704 Omnes
524 1634 861 1701 hominum
920 1647 1112 1702 aetus
1155 1658 1196 1702 e
1253 1640 1592 1702 voluntate
1648 1647 1720 1701 et.
1765 1643 2095 1721 potestate
2157 1655 2317 1701 eon-

219 1747 564 1833 stantu),
598 1757 691 1811 'et
731 1745 978 1812 homini
1021 1747 1149 1831 ipsi
1189 1749 1452 1814 innatus
1489 1750 1747 1813 animus
1787 1746 1956 1812 liber
2004 1756 2147 1825 est,
2207 1744 2320 1830 qui

221 1873 384 1943 quae
403 1858 472 1922 in
491 1878 571 1923 eo
595 1859 815 1922 insunt
838 1862 1095 1941 formas
1118 1859 1368 1946 [ideen]
1403 1860 1651 1930 excitat
1672 1862 1699 1901 ⁶
1716 1861 1804 1942 ²),
1833 1879 1984 1923 nam
2008 1856 2317 1942 quoniam

222 1969 284 2033 in
321 1970 471 2053 ipso
515 1988 743 2034 omnes
785 1969 1006 2034 insunt
1047 1968 1321 2051 formae,
1362 1972 1425 2036 is
1469 1971 1580 2059 qui
1622 1970 1778 2059 quid
1818 1968 2052 2048 discit,
2093 1966 2320 2033 imme·

224 2100 364 2145 mor
405 2077 792 2145 recordatur
814 2081 840 2119 ⁶
857 2082 943 2158 ³).
1030 2078 1340 2145 Animum
1383 2092 1625 2159 autem,
1674 2080 1788 2165 qui
1826 2080 1959 2144 iam
2001 2080 2088 2144 ab
2134 2077 2320 2143 initio

221 2190 441 2255 mundi
485 2199 628 2254 erat
669 2199 737 2253 et
775 2188 841 2252 in
889 2209 1170 2276 corpore
1215 2192 1500 2282 quodam
1538 2189 1813 2274 habitat,
1858 2187 2024 2257 deus
2063 2190 2323 2254 hamor-

222 2303 414 2367 talem
452 2299 764 2368 formavit
788 2300 922 2379 ⁶4).

393 2465 479 2533 11.
546 2462 808 2533 Ethica.
893 2461 967 2532 In
1028 2462 1246 2528 animo
1295 2460 1580 2527 hominis
1634 2457 1950 2548 appetitio
2010 2459 2335 2544 quaedam

210 2564 401 2643 ¹inest
446 2575 682 2641 summi
725 2574 881 2643 boni
908 2559 1050 2660 6’5);
1095 2575 1214 2643 sed
1263 2596 1411 2640 oum
1452 2574 1706 2655 modus,
1764 2593 1892 2657 quo
1936 2569 2094 2636 illud
2133 2590 2335 2655 appe-

228 2689 404 2767 titur,
450 2688 751 2752 diversus
794 2686 903 2765 sit,
946 2685 1228 2770 improbi
1267 2705 1529 2776 quoque
1573 2685 1881 2762 existunt,
1927 2682 2038 2769 qui
2079 2681 2340 2767 quidem

228 2797 467 2865 summi
509 2798 673 2864 boni
713 2797 1071 2883 participes
1119 2817 1270 2861 esse
1315 2794 1567 2875 volunt,
1610 2794 1732 2860 sed
1768 2794 1856 2858 ad
1895 2791 2056 2858 illud
2103 2810 2339 2857 eonse-

231 2910 563 2998 quendum
605 2908 783 2973 viam
837 2904 1083 2974 falsam
1138 2916 1519 2995 sequuntur.
1604 2904 1893 2989 Improbi
1949 2904 2147 2989 igitur
2206 2902 2340 2982 isti,

320 3116 327 3121 ’
370 3121 472 3191 58)
520 3117 599 3174 lb.
624 3118 780 3193 Rep.
832 3136 886 3190 p.
938 3121 1059 3176 511.
1097 3118 1167 3172 A.
1217 3114 1290 3172 Β.
1361 3115 1536 3188 Soph.
1586 3133 1639 3188 p.
1689 3118 1812 3174 253.
1882 3111 2092 3170 Phileb.
2144 3129 2200 3184 p.
2251 3115 2339 3170 89.

236 3210 456 3267 Theaet-
509 3216 627 3270 187.
664 3213 731 3265 Α.
783 3216 903 3272 189.
957 3208 1027 3266 E.
1099 3197 1242 3269 Quid
1290 3211 1394 3265 ista
1443 3212 1791 3283 imaqinatio
1840 3204 2135 3278 significet,
2184 3221 2345 3279 quam

240 3304 555 3359 animalibus
589 3321 807 3375 quoque
840 3304 1021 3361 tribuit
1052 3305 1316 3375 scriptor,
1363 3320 1477 3358 non
1511 3303 1641 3357 satis
1676 3308 1904 3367 constat,
1939 3315 2058 3356 cum
2096 3315 2213 3355 eam
2247 3316 2345 3353 no·

239 3400 440 3456 tionem
489 3398 729 3468 pluribus
780 3414 890 3453 non
940 3398 1180 3453 illustret.
1265 3395 1407 3451 Mihi
1456 3397 1680 3451 verbum
1740 3394 1958 3451 diversa
2002 3390 2344 3464 significatio·

238 3508 311 3547 ne
358 3491 559 3549 dixisse
609 3490 850 3545 videtur:
886 3491 1056 3560 primo
1093 3491 1233 3549 enim
1268 3490 1391 3550 loco
1429 3492 1511 3563 (p.
1549 3495 1668 3552 107,
1707 3488 1816 3555 14.)
1866 3488 2348 3560 imaqinationem

239 3601 394 3652 eam,
446 3601 604 3659 quam
651 3600 754 3637 nos
800 3598 940 3638 voce
987 3584 1339 3657 vorstellzmq
1363 3584 1469 3659 ⁸usi
1520 3582 1859 3652 exprimimus
1910 3580 2221 3645 notionem,
2276 3576 2351 3632 al-

237 3685 360 3732 tero
397 3679 543 3748 (109,
580 3679 694 3747 15.)
717 3716 734 3743 ,
769 3693 926 3747 quam
962 3693 1063 3730 nos
1101 3677 1343 3731 instinlct
1377 3692 1667 3741 vocamus,
1704 3691 1826 3730 eum
1866 3672 2102 3727 indicare
2140 3672 2353 3742 opinor.

241 3767 810 3843 Suartenqron.
849 3788 902 3842 p.
938 3774 1023 3826 8.:
1077 3768 1397 3834 Nescimus,
1432 3786 1511 3823 an
1545 3774 1748 3842 aperte
1783 3765 2126 3823 contendere
2160 3765 2355 3826 liceat,

235 3880 374 3918 eum
406 3867 470 3917 in
502 3869 717 3918 natura
753 3865 941 3918 animi
994 3863 1375 3921 diiudicanda
1415 3860 1600 3933 fuisse
1648 3864 1878 3918 omnino
1914 3857 2353 3918 Rationalem

246 3955 559 4015 addictum
594 3955 733 4029 [321.
771 3986 834 3998 --—

383 4076 483 4146 59)
519 4074 599 4130 lb.
651 4073 819 4147 [plat.
873 4073 1007 4131 Tim.
1044 4093 1097 4147 p.
1133 4079 1222 4134 52.
1262 4077 1333 4133 Α.
1385 4074 1595 4132 Phaed.
1645 4079 1735 4134 78.
1781 4073 1899 4148 79]
2001 4072 2094 4141 60)
2131 4071 2197 4127 Ρ.
2235 4075 2360 4128 109.

244 4173 370 4228 110.
473 4169 568 4237 61)
593 4165 661 4223 Ρ.
697 4172 785 4239 78.
826 4166 1018 4239 [Legg.
1054 4185 1109 4238 p.
1140 4173 1242 4226 894
1276 4175 1406 4234 ete.]
1487 4172 1603 4237 ,62)
1632 4168 1699 4222 Ρ.
1730 4172 1853 4227 109.
1954 4169 2050 4237 63)
2071 4164 2160 4219 111.
2192 4182 2361 4220 carm.

243 4269 338 4329 11,
374 4265 479 4341 15..
529 4259 671 4317 Plat.
705 4259 912 4329 Phaed.
949 4278 1005 4331 p.
1039 4265 1123 4320 72.
1159 4260 1227 4316 E.
1299 4261 1526 4317 Theaet.
1562 4267 1681 4320 191.
1718 4259 1777 4317 G.
1809 4260 1884 4315 D.
1987 4261 2080 4326 64)
2116 4258 2363 4315 V.ear1n.

259 4358 316 4415 3.
352 4373 405 4426 p.
425 4359 511 4414 28.
584 4353 806 4428 Tim.·p.
836 4358 922 4413 30.
950 4358 1034 4412 35.
1064 4358 1148 4411 41.
1178 4355 1250 4409 D.
1321 4353 1528 4410 Phaed.
1563 4374 1617 4427 p.
1654 4359 1740 4412 64.
1776 4353 1838 4410 C.
1870 4358 1958 4422 67.
1998 4351 2071 4407 D.
2141 4350 2277 4424 Rep.
2313 4370 2368 4423 p.

252 4452 381 4507 609.
491 4450 587 4517 65)
621 4446 693 4507 Ρ.
741 4452 847 4511 42.
898 4453 978 4507 14.
1049 4445 1188 4505 Plat.
1242 4447 1480 4519 Euthyd.
1515 4469 1571 4521 p.
1614 4454 1733 4509 282.
1772 4451 1839 4503 A.
1911 4444 2081 4518 Legg.
2131 4451 2251 4506 733.
2298 4443 2373 4501 B.
