<?xml version="1.0" encoding="UTF-8"?>
<!DOCTYPE html PUBLIC "-//W3C//DTD XHTML 1.0 Transitional//EN"
    "http://www.w3.org/TR/xhtml1/DTD/xhtml1-transitional.dtd">
<html xmlns="http://www.w3.org/1999/xhtml" xml:lang="en" lang="en">
 <head>
  <title>
</title>
<meta http-equiv="Content-Type" content="text/html;charset=utf-8" />
  <meta name='ocr-system' content='tesseract 3.04.00' />
  <meta name='ocr-capabilities' content='ocr_page ocr_carea ocr_par ocr_line ocrx_word'/>
</head>
<body>
  <div class='ocr_page' id='page_1' title='image "aniciimanliisev00obbagoog_0127.png"; bbox 0 0 2867 5125; ppageno 0'>
   <div class='ocr_carea' id='block_1_1' title="bbox 905 463 2254 531">
    <p class='ocr_par' dir='ltr' id='par_1_1' title="bbox 905 463 2254 531">
     <span class='ocr_line' id='line_1_1' title="bbox 905 463 2254 531; baseline 0 -1"><span class='ocrx_word' id='word_1_1' title='bbox 905 464 1308 530; x_wconf 61' lang='lat' dir='ltr'>Carum·</span> <span class='ocrx_word' id='word_1_2' title='bbox 1394 463 1512 530; x_wconf 86' lang='lat'>111.</span> <span class='ocrx_word' id='word_1_3' title='bbox 2094 483 2254 531; x_wconf 75' lang='lat' dir='ltr'>um</span> 
     </span>
    </p>
   </div>
   <div class='ocr_carea' id='block_1_2' title="bbox 169 638 2253 720">
    <p class='ocr_par' dir='ltr' id='par_1_2' title="bbox 169 638 2253 720">
     <span class='ocr_line' id='line_1_2' title="bbox 169 638 2253 720; baseline 0 -16"><span class='ocrx_word' id='word_1_4' title='bbox 169 645 211 704; x_wconf 86' lang='lat'>1.</span> <span class='ocrx_word' id='word_1_5' title='bbox 256 644 327 704; x_wconf 87' lang='lat' dir='ltr'>V.</span> <span class='ocrx_word' id='word_1_6' title='bbox 412 643 507 706; x_wconf 76' lang='lat' dir='ltr'>Et</span> <span class='ocrx_word' id='word_1_7' title='bbox 548 645 668 703; x_wconf 64' lang='lat' dir='ltr'>etc.</span> <span class='ocrx_word' id='word_1_8' title='bbox 690 648 788 702; x_wconf 76' lang='lat' dir='ltr'>eet</span> <span class='ocrx_word' id='word_1_9' title='bbox 836 639 985 720; x_wconf 73' lang='lat' dir='ltr'>finis</span> <span class='ocrx_word' id='word_1_10' title='bbox 1027 641 1173 701; x_wconf 70' lang='lat' dir='ltr'>libri</span> <span class='ocrx_word' id='word_1_11' title='bbox 1213 639 1612 701; x_wconf 70' lang='lat' dir='ltr'>Venerabilis</span> <span class='ocrx_word' id='word_1_12' title='bbox 1649 638 1920 703; x_wconf 71' lang='lat' dir='ltr'>Bohecii</span> <span class='ocrx_word' id='word_1_13' title='bbox 1960 640 2043 700; x_wconf 76' lang='lat' dir='ltr'>de</span> <span class='ocrx_word' id='word_1_14' title='bbox 2080 660 2253 705; x_wconf 73' lang='lat' dir='ltr'>eene.</span> 
     </span>
    </p>
   </div>
   <div class='ocr_carea' id='block_1_3' title="bbox 41 748 2255 959">
    <p class='ocr_par' dir='ltr' id='par_1_3' title="bbox 41 748 2255 959">
     <span class='ocr_line' id='line_1_3' title="bbox 41 748 2253 845; baseline -0.001 -29"><span class='ocrx_word' id='word_1_15' title='bbox 41 774 42 845; x_wconf 46' lang='grc' dir='ltr'>ᾖ</span> <span class='ocrx_word' id='word_1_16' title='bbox 162 754 608 830; x_wconf 67' lang='lat' dir='ltr'>philosophica.</span> <span class='ocrx_word' id='word_1_17' title='bbox 709 754 786 814; x_wconf 79' lang='lat' dir='ltr'>A.</span> <span class='ocrx_word' id='word_1_18' title='bbox 843 753 1033 816; x_wconf 66' lang='lat' dir='ltr'>Dona.</span> <span class='ocrx_word' id='word_1_19' title='bbox 1093 748 1420 812; x_wconf 71' lang='lat' dir='ltr'>millesimo</span> <span class='ocrx_word' id='word_1_20' title='bbox 1483 751 2090 830; x_wconf 63' lang='lat' dir='ltr'>quadrinymeaimo</span> <span class='ocrx_word' id='word_1_21' title='bbox 2148 774 2253 813; x_wconf 71' lang='lat' dir='ltr'>se·</span> 
     </span>
     <span class='ocr_line' id='line_1_4' title="bbox 41 862 2255 959; baseline -0 -35"><span class='ocrx_word' id='word_1_22' title='bbox 41 916 42 959; x_wconf 50' lang='lat'>3</span> <span class='ocrx_word' id='word_1_23' title='bbox 160 867 547 951; x_wconf 64' lang='lat' dir='ltr'>ptuayesimo</span> <span class='ocrx_word' id='word_1_24' title='bbox 588 870 831 943; x_wconf 74' lang='lat' dir='ltr'>quarto.</span> <span class='ocrx_word' id='word_1_25' title='bbox 917 864 1097 923; x_wconf 83' lang='lat' dir='ltr'>Tunc</span> <span class='ocrx_word' id='word_1_26' title='bbox 1156 862 1485 921; x_wconf 89' lang='lat' dir='ltr'>subiuncta</span> <span class='ocrx_word' id='word_1_27' title='bbox 1542 866 1690 921; x_wconf 88' lang='lat' dir='ltr'>sunt</span> <span class='ocrx_word' id='word_1_28' title='bbox 1744 862 2037 923; x_wconf 86' lang='lat' dir='ltr'>librorum</span> <span class='ocrx_word' id='word_1_29' title='bbox 2085 882 2255 925; x_wconf 80' lang='lat' dir='ltr'>sum·-</span> 
     </span>
    </p>
   </div>
   <div class='ocr_carea' id='block_1_4' title="bbox 162 970 2257 1276">
    <p class='ocr_par' dir='ltr' id='par_1_4' title="bbox 162 970 2257 1276">
     <span class='ocr_line' id='line_1_5' title="bbox 166 970 2253 1048; baseline 0.001 -14"><span class='ocrx_word' id='word_1_30' title='bbox 166 976 348 1036; x_wconf 85' lang='lat' dir='ltr'>maria</span> <span class='ocrx_word' id='word_1_31' title='bbox 408 978 472 1034; x_wconf 86' lang='lat' dir='ltr'>et</span> <span class='ocrx_word' id='word_1_32' title='bbox 526 976 591 1034; x_wconf 89' lang='lat' dir='ltr'>in</span> <span class='ocrx_word' id='word_1_33' title='bbox 651 974 859 1034; x_wconf 84' lang='lat' dir='ltr'>fronte</span> <span class='ocrx_word' id='word_1_34' title='bbox 925 972 1064 1032; x_wconf 81' lang='lat' dir='ltr'>cod.</span> <span class='ocrx_word' id='word_1_35' title='bbox 1129 970 1447 1033; x_wconf 83' lang='lat' dir='ltr'>Domini</span> <span class='ocrx_word' id='word_1_36' title='bbox 1500 972 1555 1033; x_wconf 90' lang='lat'>1.</span> <span class='ocrx_word' id='word_1_37' title='bbox 1615 971 1957 1048; x_wconf 78' lang='lat' dir='ltr'>Heyden</span> <span class='ocrx_word' id='word_1_38' title='bbox 2016 977 2253 1037; x_wconf 80' lang='lat' dir='ltr'>Canen.</span> 
     </span>
     <span class='ocr_line' id='line_1_6' title="bbox 162 1081 2254 1166; baseline -0 -19"><span class='ocrx_word' id='word_1_39' title='bbox 162 1086 556 1166; x_wconf 82' lang='lat' dir='ltr'>Magdeburg.</span> <span class='ocrx_word' id='word_1_40' title='bbox 615 1085 806 1145; x_wconf 79' lang='lat' dir='ltr'>fuisse</span> <span class='ocrx_word' id='word_1_41' title='bbox 864 1081 1111 1163; x_wconf 85' lang='lat' dir='ltr'>legitur.</span> <span class='ocrx_word' id='word_1_42' title='bbox 1198 1081 1451 1143; x_wconf 83' lang='lat' dir='ltr'>Librum</span> <span class='ocrx_word' id='word_1_43' title='bbox 1494 1087 1685 1145; x_wconf 85' lang='lat' dir='ltr'>mtum</span> <span class='ocrx_word' id='word_1_44' title='bbox 1742 1088 2102 1162; x_wconf 85' lang='lat' dir='ltr'>utrumque,</span> <span class='ocrx_word' id='word_1_45' title='bbox 2150 1088 2254 1162; x_wconf 86' lang='lat' dir='ltr'>qui</span> 
     </span>
     <span class='ocr_line' id='line_1_7' title="bbox 163 1193 2257 1276; baseline 0.001 -21"><span class='ocrx_word' id='word_1_46' title='bbox 163 1197 542 1275; x_wconf 76' lang='lat' dir='ltr'><strong>interpolatis</strong></span> <span class='ocrx_word' id='word_1_47' title='bbox 586 1193 1081 1256; x_wconf 76' lang='lat' dir='ltr'><strong>adnumerandus</strong></span> <span class='ocrx_word' id='word_1_48' title='bbox 1124 1197 1237 1267; x_wconf 85' lang='lat' dir='ltr'>est,</span> <span class='ocrx_word' id='word_1_49' title='bbox 1280 1195 1676 1274; x_wconf 69' lang='lat' dir='ltr'>Kinderlz‘ny.</span> <span class='ocrx_word' id='word_1_50' title='bbox 1720 1200 2009 1259; x_wconf 80' lang='lat' dir='ltr'>accurate</span> <span class='ocrx_word' id='word_1_51' title='bbox 2050 1199 2257 1276; x_wconf 76' lang='lat' dir='ltr'>inspe-</span> 
     </span>
    </p>
   </div>
   <div class='ocr_carea' id='block_1_5' title="bbox 39 1300 2087 1388">
    <p class='ocr_par' dir='ltr' id='par_1_5' title="bbox 39 1300 2087 1388">
     <span class='ocr_line' id='line_1_8' title="bbox 39 1300 2087 1388; baseline -0.002 -18"><span class='ocrx_word' id='word_1_52' title='bbox 39 1300 40 1347; x_wconf 69' lang='lat'>1</span> <span class='ocrx_word' id='word_1_53' title='bbox 162 1311 312 1370; x_wconf 81' lang='lat' dir='ltr'>xisse</span> <span class='ocrx_word' id='word_1_54' title='bbox 358 1309 730 1388; x_wconf 80' lang='lat' dir='ltr'>negaverim,</span> <span class='ocrx_word' id='word_1_55' title='bbox 775 1325 966 1384; x_wconf 78' lang='lat' dir='ltr'>quare</span> <span class='ocrx_word' id='word_1_56' title='bbox 997 1306 1257 1384; x_wconf 75' lang='lat' dir='ltr'>,saepius</span> <span class='ocrx_word' id='word_1_57' title='bbox 1302 1306 1436 1367; x_wconf 86' lang='lat' dir='ltr'>eius</span> <span class='ocrx_word' id='word_1_58' title='bbox 1476 1309 1654 1365; x_wconf 89' lang='lat' dir='ltr'>notas</span> <span class='ocrx_word' id='word_1_59' title='bbox 1701 1301 1731 1385; x_wconf 94' lang='lat'><strong>[</strong></span> <span class='ocrx_word' id='word_1_60' title='bbox 1772 1301 1801 1386; x_wconf 94' lang='lat'><strong>]</strong></span> <span class='ocrx_word' id='word_1_61' title='bbox 1848 1307 2087 1367; x_wconf 84' lang='lat' dir='ltr'>inclusi.</span> 
     </span>
    </p>
   </div>
   <div class='ocr_carea' id='block_1_6' title="bbox 164 1441 2266 3629">
    <p class='ocr_par' dir='ltr' id='par_1_6' title="bbox 164 1441 2266 3629">
     <span class='ocr_line' id='line_1_9' title="bbox 325 1441 2257 1506; baseline -0.003 0"><span class='ocrx_word' id='word_1_62' title='bbox 325 1445 523 1506; x_wconf 80' lang='lat' dir='ltr'>Codd.</span> <span class='ocrx_word' id='word_1_63' title='bbox 566 1447 1087 1506; x_wconf 74' lang='lat' dir='ltr'>Zwiccavienses.</span> <span class='ocrx_word' id='word_1_64' title='bbox 1174 1444 1377 1505; x_wconf 78' lang='lat' dir='ltr'>Hem·-</span> <span class='ocrx_word' id='word_1_65' title='bbox 1421 1441 1834 1503; x_wconf 72' lang='lat' dir='ltr'>Lindemann.</span> <span class='ocrx_word' id='word_1_66' title='bbox 1881 1441 1960 1501; x_wconf 76' lang='lat' dir='ltr'>ad</span> <span class='ocrx_word' id='word_1_67' title='bbox 2003 1441 2098 1503; x_wconf 83' lang='lat' dir='ltr'>ed.</span> <span class='ocrx_word' id='word_1_68' title='bbox 2141 1442 2257 1501; x_wconf 88' lang='lat' dir='ltr'>hu-</span> 
     </span>
     <span class='ocr_line' id='line_1_10' title="bbox 164 1551 2261 1632; baseline -0.001 -17"><span class='ocrx_word' id='word_1_69' title='bbox 164 1558 250 1615; x_wconf 89' lang='lat' dir='ltr'>ius</span> <span class='ocrx_word' id='word_1_70' title='bbox 289 1556 539 1617; x_wconf 80' lang='lat' dir='ltr'><strong>Boethii</strong></span> <span class='ocrx_word' id='word_1_71' title='bbox 580 1555 722 1616; x_wconf 81' lang='lat' dir='ltr'>libri</span> <span class='ocrx_word' id='word_1_72' title='bbox 769 1573 985 1615; x_wconf 86' lang='lat' dir='ltr'>novam</span> <span class='ocrx_word' id='word_1_73' title='bbox 1041 1554 1379 1632; x_wconf 84' lang='lat' dir='ltr'>parandam</span> <span class='ocrx_word' id='word_1_74' title='bbox 1439 1551 1618 1612; x_wconf 82' lang='lat' dir='ltr'><strong>codd.</strong></span> <span class='ocrx_word' id='word_1_75' title='bbox 1679 1555 1837 1612; x_wconf 88' lang='lat' dir='ltr'>mtos</span> <span class='ocrx_word' id='word_1_76' title='bbox 1883 1555 2261 1630; x_wconf 83' lang='lat' dir='ltr'>comparavit</span> 
     </span>
     <span class='ocr_line' id='line_1_11' title="bbox 164 1661 2256 1746; baseline -0 -19"><span class='ocrx_word' id='word_1_77' title='bbox 164 1667 258 1744; x_wconf 83' lang='lat' dir='ltr'>VI,</span> <span class='ocrx_word' id='word_1_78' title='bbox 303 1686 567 1746; x_wconf 83' lang='lat' dir='ltr'>quorum</span> <span class='ocrx_word' id='word_1_79' title='bbox 609 1684 773 1726; x_wconf 87' lang='lat' dir='ltr'>unus</span> <span class='ocrx_word' id='word_1_80' title='bbox 818 1661 1291 1746; x_wconf 87' lang='lat' dir='ltr'>(interpolatus)</span> <span class='ocrx_word' id='word_1_81' title='bbox 1337 1663 1741 1736; x_wconf 81' lang='lat' dir='ltr'>Dresdensis‚</span> <span class='ocrx_word' id='word_1_82' title='bbox 1797 1663 1918 1723; x_wconf 80' lang='lat' dir='ltr'>duo</span> <span class='ocrx_word' id='word_1_83' title='bbox 1962 1666 2256 1726; x_wconf 81' lang='lat' dir='ltr'>Misnens.</span> 
     </span>
     <span class='ocr_line' id='line_1_12' title="bbox 167 1774 2259 1856; baseline 0 -20"><span class='ocrx_word' id='word_1_84' title='bbox 167 1774 354 1856; x_wconf 90' lang='lat' dir='ltr'><strong>(unus</strong></span> <span class='ocrx_word' id='word_1_85' title='bbox 402 1797 526 1837; x_wconf 89' lang='lat' dir='ltr'>sec.</span> <span class='ocrx_word' id='word_1_86' title='bbox 567 1776 743 1837; x_wconf 85' lang='lat' dir='ltr'>XIII.</span> <span class='ocrx_word' id='word_1_87' title='bbox 788 1776 1056 1836; x_wconf 86' lang='lat' dir='ltr'>melioris</span> <span class='ocrx_word' id='word_1_88' title='bbox 1101 1778 1304 1849; x_wconf 84' lang='lat' dir='ltr'>notae,</span> <span class='ocrx_word' id='word_1_89' title='bbox 1351 1775 1508 1834; x_wconf 84' lang='lat' dir='ltr'>alter</span> <span class='ocrx_word' id='word_1_90' title='bbox 1550 1792 1674 1833; x_wconf 87' lang='lat' dir='ltr'>sec.</span> <span class='ocrx_word' id='word_1_91' title='bbox 1720 1776 1852 1837; x_wconf 87' lang='lat' dir='ltr'>XV.</span> <span class='ocrx_word' id='word_1_92' title='bbox 1898 1777 2259 1855; x_wconf 87' lang='lat' dir='ltr'>corruptus)</span> 
     </span>
     <span class='ocr_line' id='line_1_13' title="bbox 167 1887 2260 1964; baseline -0 -16"><span class='ocrx_word' id='word_1_93' title='bbox 167 1893 225 1948; x_wconf 87' lang='lat' dir='ltr'>et</span> <span class='ocrx_word' id='word_1_94' title='bbox 262 1894 393 1949; x_wconf 88' lang='lat' dir='ltr'>tres</span> <span class='ocrx_word' id='word_1_95' title='bbox 439 1888 847 1949; x_wconf 81' lang='lat' dir='ltr'>bibliothecae</span> <span class='ocrx_word' id='word_1_96' title='bbox 893 1888 1188 1946; x_wconf 79' lang='lat' dir='ltr'>Zwiccav.</span> <span class='ocrx_word' id='word_1_97' title='bbox 1232 1888 1578 1947; x_wconf 82' lang='lat' dir='ltr'><strong>senatoriae</strong></span> <span class='ocrx_word' id='word_1_98' title='bbox 1625 1889 1806 1964; x_wconf 87' lang='lat' dir='ltr'>sunt,</span> <span class='ocrx_word' id='word_1_99' title='bbox 1862 1890 1926 1946; x_wconf 91' lang='lat' dir='ltr'>et</span> <span class='ocrx_word' id='word_1_100' title='bbox 1971 1887 2112 1946; x_wconf 86' lang='lat' dir='ltr'>edd.</span> <span class='ocrx_word' id='word_1_101' title='bbox 2158 1908 2260 1947; x_wconf 85' lang='lat' dir='ltr'>ra-</span> 
     </span>
     <span class='ocr_line' id='line_1_14' title="bbox 168 1992 2256 2078; baseline -0.003 -20"><span class='ocrx_word' id='word_1_102' title='bbox 168 2000 434 2059; x_wconf 88' lang='lat' dir='ltr'>rissimas</span> <span class='ocrx_word' id='word_1_103' title='bbox 455 1998 967 2078; x_wconf 85' lang='lat' dir='ltr'>Argentinensem</span> <span class='ocrx_word' id='word_1_104' title='bbox 1014 1992 1271 2075; x_wconf 87' lang='lat'>(1501.)</span> <span class='ocrx_word' id='word_1_105' title='bbox 1316 2016 1390 2057; x_wconf 85' lang='lat' dir='ltr'>ac</span> <span class='ocrx_word' id='word_1_106' title='bbox 1433 1997 1837 2057; x_wconf 86' lang='lat' dir='ltr'>Basiliensem</span> <span class='ocrx_word' id='word_1_107' title='bbox 1880 1992 2142 2078; x_wconf 76' lang='lat'>(1541.)</span> <span class='ocrx_word' id='word_1_108' title='bbox 2167 1998 2256 2075; x_wconf 77' lang='lat'>⁶⁹)</span> 
     </span>
     <span class='ocr_line' id='line_1_15' title="bbox 169 2108 2261 2188; baseline -0.001 -18"><span class='ocrx_word' id='word_1_109' title='bbox 169 2110 457 2170; x_wconf 83' lang='lat' dir='ltr'>adhibuit.</span> <span class='ocrx_word' id='word_1_110' title='bbox 542 2109 678 2188; x_wconf 89' lang='lat' dir='ltr'>Ego</span> <span class='ocrx_word' id='word_1_111' title='bbox 723 2108 877 2167; x_wconf 84' lang='lat' dir='ltr'>duos</span> <span class='ocrx_word' id='word_1_112' title='bbox 923 2108 1146 2166; x_wconf 87' lang='lat' dir='ltr'>Zwicc.</span> <span class='ocrx_word' id='word_1_113' title='bbox 1193 2108 1394 2181; x_wconf 64' lang='lat' dir='ltr'>codd„</span> <span class='ocrx_word' id='word_1_114' title='bbox 1446 2124 1600 2184; x_wconf 86' lang='lat' dir='ltr'>quos</span> <span class='ocrx_word' id='word_1_115' title='bbox 1645 2109 1797 2166; x_wconf 85' lang='lat' dir='ltr'>mihi</span> <span class='ocrx_word' id='word_1_116' title='bbox 1835 2127 1942 2181; x_wconf 80' lang='lat' dir='ltr'>ea,</span> <span class='ocrx_word' id='word_1_117' title='bbox 1993 2127 2115 2183; x_wconf 89' lang='lat' dir='ltr'>qua</span> <span class='ocrx_word' id='word_1_118' title='bbox 2158 2126 2261 2167; x_wconf 82' lang='lat' dir='ltr'>so-</span> 
     </span>
     <span class='ocr_line' id='line_1_16' title="bbox 166 2216 2262 2296; baseline -0.002 -15"><span class='ocrx_word' id='word_1_119' title='bbox 166 2217 265 2296; x_wconf 85' lang='lat' dir='ltr'>let,</span> <span class='ocrx_word' id='word_1_120' title='bbox 307 2221 690 2281; x_wconf 77' lang='lat' dir='ltr'><strong>humanitate</strong></span> <span class='ocrx_word' id='word_1_121' title='bbox 732 2219 898 2279; x_wconf 84' lang='lat' dir='ltr'>misit</span> <span class='ocrx_word' id='word_1_122' title='bbox 947 2216 1423 2296; x_wconf 62' lang='lat' dir='ltr'>Herteliusw),</span> <span class='ocrx_word' id='word_1_123' title='bbox 1470 2216 1724 2291; x_wconf 89' lang='lat' dir='ltr'>contuli,</span> <span class='ocrx_word' id='word_1_124' title='bbox 1785 2237 2042 2294; x_wconf 81' lang='lat' dir='ltr'>quorum</span> <span class='ocrx_word' id='word_1_125' title='bbox 2088 2220 2262 2295; x_wconf 88' lang='lat' dir='ltr'>prior</span> 
     </span>
     <span class='ocr_line' id='line_1_17' title="bbox 169 2326 2262 2407; baseline 0 -18"><span class='ocrx_word' id='word_1_126' title='bbox 169 2331 428 2395; x_wconf 85' lang='lat' dir='ltr'>chartac.</span> <span class='ocrx_word' id='word_1_127' title='bbox 490 2351 545 2390; x_wconf 91' lang='lat' dir='ltr'>a.</span> <span class='ocrx_word' id='word_1_128' title='bbox 609 2327 794 2390; x_wconf 83' lang='lat'><strong>1501.</strong></span> <span class='ocrx_word' id='word_1_129' title='bbox 855 2330 920 2387; x_wconf 88' lang='lat' dir='ltr'>in</span> <span class='ocrx_word' id='word_1_130' title='bbox 982 2328 1313 2403; x_wconf 83' lang='lat' dir='ltr'>Gymnasio</span> <span class='ocrx_word' id='word_1_131' title='bbox 1376 2329 1696 2403; x_wconf 85' lang='lat' dir='ltr'>Haynensi</span> <span class='ocrx_word' id='word_1_132' title='bbox 1756 2327 1828 2407; x_wconf 86' lang='lat' dir='ltr'>(i.</span> <span class='ocrx_word' id='word_1_133' title='bbox 1888 2348 1939 2388; x_wconf 90' lang='lat' dir='ltr'>e.</span> <span class='ocrx_word' id='word_1_134' title='bbox 1990 2326 2262 2389; x_wconf 85' lang='lat' dir='ltr'>Zwicca-</span> 
     </span>
     <span class='ocr_line' id='line_1_18' title="bbox 165 2439 2261 2522; baseline 0 -22"><span class='ocrx_word' id='word_1_135' title='bbox 165 2442 382 2522; x_wconf 64' lang='lat' dir='ltr'>riensi)</span> <span class='ocrx_word' id='word_1_136' title='bbox 451 2445 731 2503; x_wconf 79' lang='lat' dir='ltr'>exaratus</span> <span class='ocrx_word' id='word_1_137' title='bbox 799 2459 940 2500; x_wconf 88' lang='lat' dir='ltr'>cum</span> <span class='ocrx_word' id='word_1_138' title='bbox 1003 2439 1358 2500; x_wconf 86' lang='lat' dir='ltr'>melioribus</span> <span class='ocrx_word' id='word_1_139' title='bbox 1423 2439 1889 2516; x_wconf 80' lang='lat' dir='ltr'>comparandus·</span> <span class='ocrx_word' id='word_1_140' title='bbox 1944 2443 2078 2499; x_wconf 80' lang='lat' dir='ltr'>est=</span> <span class='ocrx_word' id='word_1_141' title='bbox 2148 2440 2261 2500; x_wconf 82' lang='lat' dir='ltr'>sed</span> 
     </span>
     <span class='ocr_line' id='line_1_19' title="bbox 170 2548 2263 2629; baseline -0.001 -17"><span class='ocrx_word' id='word_1_142' title='bbox 170 2554 322 2629; x_wconf 79' lang='lat' dir='ltr'>quod</span> <span class='ocrx_word' id='word_1_143' title='bbox 392 2573 531 2614; x_wconf 91' lang='lat' dir='ltr'>cum</span> <span class='ocrx_word' id='word_1_144' title='bbox 573 2555 720 2614; x_wconf 83' lang='lat' dir='ltr'>vett.</span> <span class='ocrx_word' id='word_1_145' title='bbox 766 2550 906 2613; x_wconf 81' lang='lat' dir='ltr'>edd.</span> <span class='ocrx_word' id='word_1_146' title='bbox 950 2550 1150 2611; x_wconf 84' lang='lat' dir='ltr'>bonae</span> <span class='ocrx_word' id='word_1_147' title='bbox 1192 2553 1375 2611; x_wconf 85' lang='lat' dir='ltr'>notae</span> <span class='ocrx_word' id='word_1_148' title='bbox 1418 2551 1664 2628; x_wconf 82' lang='lat' dir='ltr'>saepius</span> <span class='ocrx_word' id='word_1_149' title='bbox 1703 2548 1987 2624; x_wconf 82' lang='lat' dir='ltr'>convenit</span> <span class='ocrx_word' id='word_1_150' title='bbox 2020 2554 2087 2612; x_wconf 89' lang='lat' dir='ltr'>et</span> <span class='ocrx_word' id='word_1_151' title='bbox 2110 2552 2263 2612; x_wconf 82' lang='lat' dir='ltr'>scri-</span> 
     </span>
     <span class='ocr_line' id='line_1_20' title="bbox 169 2661 2264 2740; baseline -0.001 -16"><span class='ocrx_word' id='word_1_152' title='bbox 169 2668 342 2740; x_wconf 78' lang='lat' dir='ltr'>ptura</span> <span class='ocrx_word' id='word_1_153' title='bbox 398 2683 620 2724; x_wconf 75' lang='lat' dir='ltr'>vocum</span> <span class='ocrx_word' id='word_1_154' title='bbox 678 2664 988 2723; x_wconf 79' lang='lat' dir='ltr'>recentior</span> <span class='ocrx_word' id='word_1_155' title='bbox 1032 2665 1161 2735; x_wconf 89' lang='lat' dir='ltr'>est,</span> <span class='ocrx_word' id='word_1_156' title='bbox 1206 2681 1285 2723; x_wconf 89' lang='lat' dir='ltr'>ne</span> <span class='ocrx_word' id='word_1_157' title='bbox 1334 2663 1411 2721; x_wconf 85' lang='lat' dir='ltr'>ab</span> <span class='ocrx_word' id='word_1_158' title='bbox 1458 2661 1724 2721; x_wconf 82' lang='lat' dir='ltr'>editione</span> <span class='ocrx_word' id='word_1_159' title='bbox 1771 2662 2041 2722; x_wconf 81' lang='lat' dir='ltr'>eiusdem</span> <span class='ocrx_word' id='word_1_160' title='bbox 2086 2665 2264 2723; x_wconf 79' lang='lat' dir='ltr'>fami-</span> 
     </span>
     <span class='ocr_line' id='line_1_21' title="bbox 170 2747 2265 2856; baseline 0 -22"><span class='ocrx_word' id='word_1_161' title='bbox 170 2772 276 2837; x_wconf 86' lang='lat' dir='ltr'>liae</span> <span class='ocrx_word' id='word_1_162' title='bbox 322 2778 621 2856; x_wconf 86' lang='lat' dir='ltr'>originem</span> <span class='ocrx_word' id='word_1_163' title='bbox 667 2774 886 2848; x_wconf 82' lang='lat' dir='ltr'>ducat,</span> <span class='ocrx_word' id='word_1_164' title='bbox 944 2791 1180 2833; x_wconf 82' lang='lat' dir='ltr'>vereor.</span> <span class='ocrx_word' id='word_1_165' title='bbox 1269 2775 1554 2851; x_wconf 61' lang='lat' dir='ltr'>Mar-tyni</span> <span class='ocrx_word' id='word_1_166' title='bbox 1588 2747 1863 2852; x_wconf 58' lang='lat' dir='ltr'>Lagaina</span> <span class='ocrx_word' id='word_1_167' title='bbox 1922 2793 2063 2833; x_wconf 87' lang='lat' dir='ltr'>eum</span> <span class='ocrx_word' id='word_1_168' title='bbox 2120 2757 2265 2834; x_wconf 79' lang='lat' dir='ltr'>olim</span> 
     </span>
     <span class='ocr_line' id='line_1_22' title="bbox 170 2882 2264 2962; baseline 0 -19"><span class='ocrx_word' id='word_1_169' title='bbox 170 2887 651 2961; x_wconf 49' lang='lat' dir='ltr'>possidebass‘et</span> <span class='ocrx_word' id='word_1_170' title='bbox 697 2886 841 2962; x_wconf 85' lang='lat' dir='ltr'>quia</span> <span class='ocrx_word' id='word_1_171' title='bbox 883 2886 946 2943; x_wconf 92' lang='lat' dir='ltr'>in</span> <span class='ocrx_word' id='word_1_172' title='bbox 990 2882 1272 2943; x_wconf 85' lang='lat' dir='ltr'>incendio</span> <span class='ocrx_word' id='word_1_173' title='bbox 1314 2883 1495 2944; x_wconf 75' lang='lat' dir='ltr'>villae</span> <span class='ocrx_word' id='word_1_174' title='bbox 1543 2884 1724 2943; x_wconf 88' lang='lat' dir='ltr'>huius</span> <span class='ocrx_word' id='word_1_175' title='bbox 1766 2884 1838 2944; x_wconf 81' lang='lat' dir='ltr'>V.</span> <span class='ocrx_word' id='word_1_176' title='bbox 1885 2883 1963 2948; x_wconf 85' lang='lat' dir='ltr'>D.</span> <span class='ocrx_word' id='word_1_177' title='bbox 2009 2885 2264 2944; x_wconf 81' lang='lat' dir='ltr'>vulnera</span> 
     </span>
     <span class='ocr_line' id='line_1_23' title="bbox 172 2995 2263 3076; baseline -0 -21"><span class='ocrx_word' id='word_1_178' title='bbox 172 2998 224 3055; x_wconf 90' lang='lat' dir='ltr'>ei</span> <span class='ocrx_word' id='word_1_179' title='bbox 264 2999 453 3058; x_wconf 85' lang='lat' dir='ltr'>allata</span> <span class='ocrx_word' id='word_1_180' title='bbox 498 2999 645 3056; x_wconf 88' lang='lat' dir='ltr'>sunt</span> <span class='ocrx_word' id='word_1_181' title='bbox 686 2996 933 3076; x_wconf 83' lang='lat' dir='ltr'>gravia,</span> <span class='ocrx_word' id='word_1_182' title='bbox 978 2995 1210 3054; x_wconf 82' lang='lat' dir='ltr'>factum</span> <span class='ocrx_word' id='word_1_183' title='bbox 1256 2998 1385 3068; x_wconf 84' lang='lat' dir='ltr'>est,</span> <span class='ocrx_word' id='word_1_184' title='bbox 1430 2998 1504 3052; x_wconf 89' lang='lat' dir='ltr'>ut</span> <span class='ocrx_word' id='word_1_185' title='bbox 1544 2995 1607 3052; x_wconf 87' lang='lat' dir='ltr'>in</span> <span class='ocrx_word' id='word_1_186' title='bbox 1655 2995 1897 3074; x_wconf 80' lang='lat' dir='ltr'>singula</span> <span class='ocrx_word' id='word_1_187' title='bbox 1946 2996 2093 3054; x_wconf 78' lang='lat' dir='ltr'>solia</span> <span class='ocrx_word' id='word_1_188' title='bbox 2139 2995 2263 3054; x_wconf 91' lang='lat' dir='ltr'>sol-</span> 
     </span>
     <span class='ocr_line' id='line_1_24' title="bbox 168 3102 2263 3185; baseline 0 -22"><span class='ocrx_word' id='word_1_189' title='bbox 168 3113 406 3168; x_wconf 75' lang='lat' dir='ltr'>veretur</span> <span class='ocrx_word' id='word_1_190' title='bbox 451 3111 636 3183; x_wconf 85' lang='lat' dir='ltr'>atque</span> <span class='ocrx_word' id='word_1_191' title='bbox 678 3106 846 3165; x_wconf 85' lang='lat' dir='ltr'>haud</span> <span class='ocrx_word' id='word_1_192' title='bbox 909 3107 1125 3185; x_wconf 84' lang='lat' dir='ltr'>exigua</span> <span class='ocrx_word' id='word_1_193' title='bbox 1170 3106 1300 3164; x_wconf 90' lang='lat' dir='ltr'>eius</span> <span class='ocrx_word' id='word_1_194' title='bbox 1346 3125 1492 3182; x_wconf 89' lang='lat' dir='ltr'>pars</span> <span class='ocrx_word' id='word_1_195' title='bbox 1544 3104 1658 3181; x_wconf 88' lang='lat' dir='ltr'>(cf.</span> <span class='ocrx_word' id='word_1_196' title='bbox 1704 3125 1769 3182; x_wconf 87' lang='lat' dir='ltr'>p.</span> <span class='ocrx_word' id='word_1_197' title='bbox 1813 3104 1916 3177; x_wconf 77' lang='lat'>48,</span> <span class='ocrx_word' id='word_1_198' title='bbox 1963 3102 2054 3181; x_wconf 89' lang='grc'>7.)</span> <span class='ocrx_word' id='word_1_199' title='bbox 2100 3107 2263 3182; x_wconf 82' lang='lat' dir='ltr'>peri-</span> 
     </span>
     <span class='ocr_line' id='line_1_25' title="bbox 169 3212 2262 3295; baseline 0 -20"><span class='ocrx_word' id='word_1_200' title='bbox 169 3221 276 3278; x_wconf 85' lang='lat' dir='ltr'>ret.</span> <span class='ocrx_word' id='word_1_201' title='bbox 361 3219 518 3280; x_wconf 85' lang='lat' dir='ltr'>Post</span> <span class='ocrx_word' id='word_1_202' title='bbox 576 3218 797 3279; x_wconf 87' lang='lat' dir='ltr'>librum</span> <span class='ocrx_word' id='word_1_203' title='bbox 853 3218 957 3278; x_wconf 85' lang='lat' dir='ltr'>IV.</span> <span class='ocrx_word' id='word_1_204' title='bbox 1017 3217 1230 3276; x_wconf 88' lang='lat' dir='ltr'>inserti</span> <span class='ocrx_word' id='word_1_205' title='bbox 1293 3215 1589 3295; x_wconf 86' lang='lat' dir='ltr'>leguntur</span> <span class='ocrx_word' id='word_1_206' title='bbox 1647 3233 1747 3274; x_wconf 80' lang='lat' dir='ltr'>vv.</span> <span class='ocrx_word' id='word_1_207' title='bbox 1806 3212 1895 3273; x_wconf 80' lang='lat'>90</span> <span class='ocrx_word' id='word_1_208' title='bbox 1957 3217 2262 3290; x_wconf 81' lang='lat' dir='ltr'>carminis,</span> 
     </span>
     <span class='ocr_line' id='line_1_26' title="bbox 172 3326 2266 3402; baseline 0 -16"><span class='ocrx_word' id='word_1_209' title='bbox 172 3329 329 3402; x_wconf 79' lang='lat' dir='ltr'>quod</span> <span class='ocrx_word' id='word_1_210' title='bbox 385 3330 707 3390; x_wconf 82' lang='lat' dir='ltr'>Lactantio</span> <span class='ocrx_word' id='word_1_211' title='bbox 772 3329 1064 3388; x_wconf 83' lang='lat' dir='ltr'>tribuitur</span> <span class='ocrx_word' id='word_1_212' title='bbox 1086 3369 1105 3402; x_wconf 87' lang='lat'>,</span> <span class='ocrx_word' id='word_1_213' title='bbox 1170 3327 1248 3387; x_wconf 84' lang='lat' dir='ltr'>de</span> <span class='ocrx_word' id='word_1_214' title='bbox 1302 3329 1643 3389; x_wconf 77' lang='lat' dir='ltr'>Phoenice.</span> <span class='ocrx_word' id='word_1_215' title='bbox 1688 3356 1773 3370; x_wconf 86' lang='lat'>--</span> <span class='ocrx_word' id='word_1_216' title='bbox 1860 3326 2041 3386; x_wconf 87' lang='lat' dir='ltr'>Alter</span> <span class='ocrx_word' id='word_1_217' title='bbox 2095 3328 2266 3387; x_wconf 76' lang='lat' dir='ltr'>varia</span> 
     </span>
     <span class='ocr_line' id='line_1_27' title="bbox 172 3437 2263 3520; baseline 0 -25"><span class='ocrx_word' id='word_1_218' title='bbox 172 3442 477 3501; x_wconf 77' lang='lat' dir='ltr'>continet:</span> <span class='ocrx_word' id='word_1_219' title='bbox 547 3440 737 3500; x_wconf 81' lang='lat' dir='ltr'>verba</span> <span class='ocrx_word' id='word_1_220' title='bbox 790 3440 1035 3500; x_wconf 84' lang='lat' dir='ltr'>Boethii</span> <span class='ocrx_word' id='word_1_221' title='bbox 1093 3440 1156 3497; x_wconf 90' lang='lat' dir='ltr'>in</span> <span class='ocrx_word' id='word_1_222' title='bbox 1218 3437 1337 3497; x_wconf 87' lang='lat' dir='ltr'>hoc</span> <span class='ocrx_word' id='word_1_223' title='bbox 1405 3437 1542 3497; x_wconf 85' lang='lat' dir='ltr'>cod.</span> <span class='ocrx_word' id='word_1_224' title='bbox 1602 3438 1974 3520; x_wconf 68' lang='lat' dir='ltr'>interpolata</span> <span class='ocrx_word' id='word_1_225' title='bbox 2038 3442 2263 3513; x_wconf 83' lang='lat' dir='ltr'>extant,</span> 
     </span>
     <span class='ocr_line' id='line_1_28' title="bbox 170 3548 2265 3629; baseline 0 -20"><span class='ocrx_word' id='word_1_226' title='bbox 170 3566 318 3625; x_wconf 86' lang='lat' dir='ltr'>quae</span> <span class='ocrx_word' id='word_1_227' title='bbox 363 3550 609 3629; x_wconf 82' lang='lat' dir='ltr'>quidem</span> <span class='ocrx_word' id='word_1_228' title='bbox 657 3570 692 3610; x_wconf 85' lang='lat' dir='ltr'>e</span> <span class='ocrx_word' id='word_1_229' title='bbox 736 3550 874 3611; x_wconf 71' lang='lat' dir='ltr'>cod.</span> <span class='ocrx_word' id='word_1_230' title='bbox 918 3552 981 3609; x_wconf 89' lang='lat' dir='ltr'>in</span> <span class='ocrx_word' id='word_1_231' title='bbox 1022 3548 1205 3610; x_wconf 84' lang='lat' dir='ltr'>Italia</span> <span class='ocrx_word' id='word_1_232' title='bbox 1264 3552 1510 3609; x_wconf 82' lang='lat' dir='ltr'>exarato</span> <span class='ocrx_word' id='word_1_233' title='bbox 1570 3563 1852 3610; x_wconf 84' lang='lat' dir='ltr'>manasse</span> <span class='ocrx_word' id='word_1_234' title='bbox 1910 3552 2122 3626; x_wconf 80' lang='lat' dir='ltr'>quovis</span> <span class='ocrx_word' id='word_1_235' title='bbox 2168 3552 2265 3627; x_wconf 89' lang='lat' dir='ltr'>pi-</span> 
     </span>
    </p>
   </div>
   <div class='ocr_carea' id='block_1_7' title="bbox 133 3658 2269 3753">
    <p class='ocr_par' dir='ltr' id='par_1_7' title="bbox 133 3658 2269 3753">
     <span class='ocr_line' id='line_1_29' title="bbox 133 3658 2269 3753; baseline 0.001 -34"><span class='ocrx_word' id='word_1_236' title='bbox 133 3746 139 3753; x_wconf 31' lang='lat'>·</span> <span class='ocrx_word' id='word_1_237' title='bbox 173 3679 358 3739; x_wconf 83' lang='lat' dir='ltr'>gnore</span> <span class='ocrx_word' id='word_1_238' title='bbox 389 3662 830 3724; x_wconf 81' lang='lat' dir='ltr'>contenderim.</span> <span class='ocrx_word' id='word_1_239' title='bbox 896 3663 1183 3722; x_wconf 86' lang='lat' dir='ltr'>Ceterum</span> <span class='ocrx_word' id='word_1_240' title='bbox 1214 3662 1341 3720; x_wconf 86' lang='lat' dir='ltr'>tres</span> <span class='ocrx_word' id='word_1_241' title='bbox 1372 3658 1512 3718; x_wconf 82' lang='lat' dir='ltr'>libri</span> <span class='ocrx_word' id='word_1_242' title='bbox 1547 3660 1799 3736; x_wconf 78' lang='lat' dir='ltr'>priores</span> <span class='ocrx_word' id='word_1_243' title='bbox 1824 3660 2070 3720; x_wconf 82' lang='lat' dir='ltr'>scholiis</span> <span class='ocrx_word' id='word_1_244' title='bbox 2101 3680 2269 3721; x_wconf 79' lang='lat' dir='ltr'>mar-</span> 
     </span>
    </p>
   </div>
   <div class='ocr_carea' id='block_1_8' title="bbox 168 3769 2264 4527">
    <p class='ocr_par' dir='ltr' id='par_1_8' title="bbox 169 3769 2264 4054">
     <span class='ocr_line' id='line_1_30' title="bbox 170 3769 2263 3850; baseline 0.001 -20"><span class='ocrx_word' id='word_1_245' title='bbox 170 3771 486 3847; x_wconf 85' lang='lat' dir='ltr'>ginalibus,</span> <span class='ocrx_word' id='word_1_246' title='bbox 531 3791 690 3850; x_wconf 86' lang='lat' dir='ltr'>quae</span> <span class='ocrx_word' id='word_1_247' title='bbox 731 3774 793 3832; x_wconf 91' lang='lat' dir='ltr'>in</span> <span class='ocrx_word' id='word_1_248' title='bbox 826 3771 1413 3833; x_wconf 83' lang='lat' dir='ltr'>Pseudo-Thomae</span> <span class='ocrx_word' id='word_1_249' title='bbox 1458 3769 1781 3847; x_wconf 83' lang='lat' dir='ltr'>Aquinatis</span> <span class='ocrx_word' id='word_1_250' title='bbox 1827 3774 2263 3836; x_wconf 72' lang='lat' dir='ltr'>comment-ario</span> 
     </span>
     <span class='ocr_line' id='line_1_31' title="bbox 169 3879 2264 3963; baseline 0.001 -22"><span class='ocrx_word' id='word_1_251' title='bbox 169 3896 360 3956; x_wconf 83' lang='lat' dir='ltr'>paene</span> <span class='ocrx_word' id='word_1_252' title='bbox 418 3885 623 3944; x_wconf 84' lang='lat' dir='ltr'>omnia</span> <span class='ocrx_word' id='word_1_253' title='bbox 680 3880 1010 3963; x_wconf 88' lang='lat' dir='ltr'>leguntur,</span> <span class='ocrx_word' id='word_1_254' title='bbox 1074 3879 1286 3943; x_wconf 79' lang='lat' dir='ltr'>referti</span> <span class='ocrx_word' id='word_1_255' title='bbox 1349 3884 1531 3959; x_wconf 80' lang='lat' dir='ltr'>sunt,</span> <span class='ocrx_word' id='word_1_256' title='bbox 1594 3883 1659 3940; x_wconf 81' lang='lat' dir='ltr'>et</span> <span class='ocrx_word' id='word_1_257' title='bbox 1718 3901 1789 3941; x_wconf 84' lang='lat' dir='ltr'>ex</span> <span class='ocrx_word' id='word_1_258' title='bbox 1846 3880 1968 3942; x_wconf 85' lang='lat' dir='ltr'>fine</span> <span class='ocrx_word' id='word_1_259' title='bbox 2012 3883 2264 3945; x_wconf 82' lang='lat' dir='ltr'>Terent.</span> 
     </span>
     <span class='ocr_line' id='line_1_32' title="bbox 717 4013 1937 4054; baseline 0 0"><span class='ocrx_word' id='word_1_260' title='bbox 717 4013 748 4054; x_wconf 65' lang='lat'>9</span> <span class='ocrx_word' id='word_1_261' title='bbox 1928 4046 1937 4054; x_wconf 79' lang='grc'><em>,</em></span> 
     </span>
    </p>

    <p class='ocr_par' dir='ltr' id='par_1_9' title="bbox 168 4075 2263 4245">
     <span class='ocr_line' id='line_1_33' title="bbox 296 4075 2263 4153; baseline -0.002 -16"><span class='ocrx_word' id='word_1_262' title='bbox 296 4081 388 4149; x_wconf 88' lang='grc'>59)</span> <span class='ocrx_word' id='word_1_263' title='bbox 436 4080 543 4135; x_wconf 78' lang='lat' dir='ltr'>vd.</span> <span class='ocrx_word' id='word_1_264' title='bbox 579 4078 774 4153; x_wconf 81' lang='lat' dir='ltr'>Progr.</span> <span class='ocrx_word' id='word_1_265' title='bbox 824 4080 960 4153; x_wconf 86' lang='lat' dir='ltr'>lycei</span> <span class='ocrx_word' id='word_1_266' title='bbox 1011 4079 1294 4136; x_wconf 77' lang='lat' dir='ltr'>sz‘ccav.</span> <span class='ocrx_word' id='word_1_267' title='bbox 1330 4082 1481 4136; x_wconf 79' lang='lat'>1827.</span> <span class='ocrx_word' id='word_1_268' title='bbox 1544 4075 1877 4150; x_wconf 68' lang='lat' dir='ltr'>,Desa-iptio</span> <span class='ocrx_word' id='word_1_269' title='bbox 1926 4080 2091 4135; x_wconf 78' lang='lat' dir='ltr'>codd.</span> <span class='ocrx_word' id='word_1_270' title='bbox 2136 4080 2263 4134; x_wconf 86' lang='lat' dir='ltr'>bibl.</span> 
     </span>
     <span class='ocr_line' id='line_1_34' title="bbox 168 4168 692 4245; baseline 0.004 -21"><span class='ocrx_word' id='word_1_271' title='bbox 168 4168 355 4228; x_wconf 83' lang='lat' dir='ltr'>Zwicc.</span> <span class='ocrx_word' id='word_1_272' title='bbox 389 4192 535 4245; x_wconf 76' lang='lat' dir='ltr'>spec.</span> <span class='ocrx_word' id='word_1_273' title='bbox 567 4173 692 4228; x_wconf 81' lang='lat'>111.‘</span> 
     </span>
    </p>

    <p class='ocr_par' dir='ltr' id='par_1_10' title="bbox 170 4263 2264 4527">
     <span class='ocr_line' id='line_1_35' title="bbox 298 4263 2264 4337; baseline 0 -15"><span class='ocrx_word' id='word_1_274' title='bbox 298 4269 388 4333; x_wconf 89' lang='lat'>60)</span> <span class='ocrx_word' id='word_1_275' title='bbox 425 4267 657 4322; x_wconf 75' lang='lat' dir='ltr'>&#39;tertium</span> <span class='ocrx_word' id='word_1_276' title='bbox 692 4266 807 4320; x_wconf 79' lang='lat' dir='ltr'>Zw.</span> <span class='ocrx_word' id='word_1_277' title='bbox 845 4264 948 4330; x_wconf 64' lang='lat' dir='ltr'>cd„</span> <span class='ocrx_word' id='word_1_278' title='bbox 986 4266 1074 4335; x_wconf 85' lang='lat' dir='ltr'>qui</span> <span class='ocrx_word' id='word_1_279' title='bbox 1125 4265 1282 4319; x_wconf 79' lang='lat' dir='ltr'>etiam</span> <span class='ocrx_word' id='word_1_280' title='bbox 1318 4263 1510 4319; x_wconf 81' lang='lat' dir='ltr'>Senec.</span> <span class='ocrx_word' id='word_1_281' title='bbox 1548 4283 1632 4337; x_wconf 81' lang='lat' dir='ltr'>ep.</span> <span class='ocrx_word' id='word_1_282' title='bbox 1675 4267 1955 4331; x_wconf 85' lang='lat' dir='ltr'>continet,—</span> <span class='ocrx_word' id='word_1_283' title='bbox 1993 4266 2118 4320; x_wconf 83' lang='lat' dir='ltr'>ideo</span> <span class='ocrx_word' id='word_1_284' title='bbox 2154 4284 2264 4322; x_wconf 86' lang='lat' dir='ltr'>non</span> 
     </span>
     <span class='ocr_line' id='line_1_36' title="bbox 170 4359 2264 4430; baseline 0.001 -16"><span class='ocrx_word' id='word_1_285' title='bbox 170 4367 351 4414; x_wconf 81' lang='lat' dir='ltr'>nactus</span> <span class='ocrx_word' id='word_1_286' title='bbox 383 4378 533 4419; x_wconf 83' lang='lat' dir='ltr'>sum,</span> <span class='ocrx_word' id='word_1_287' title='bbox 595 4360 742 4430; x_wconf 85' lang='lat' dir='ltr'>quod</span> <span class='ocrx_word' id='word_1_288' title='bbox 787 4376 859 4414; x_wconf 87' lang='lat' dir='ltr'>eo</span> <span class='ocrx_word' id='word_1_289' title='bbox 914 4368 1158 4429; x_wconf 85' lang='lat' dir='ltr'>tempore</span> <span class='ocrx_word' id='word_1_290' title='bbox 1192 4359 1417 4413; x_wconf 79' lang='lat' dir='ltr'>Portam</span> <span class='ocrx_word' id='word_1_291' title='bbox 1468 4359 1537 4413; x_wconf 87' lang='lat' dir='ltr'>ad</span> <span class='ocrx_word' id='word_1_292' title='bbox 1588 4360 1654 4412; x_wconf 91' lang='lat' dir='ltr'>V.</span> <span class='ocrx_word' id='word_1_293' title='bbox 1693 4359 1750 4413; x_wconf 89' lang='lat' dir='ltr'>C.</span> <span class='ocrx_word' id='word_1_294' title='bbox 1805 4359 2057 4414; x_wconf 69' lang='lat' dir='ltr'>Fickert.</span> <span class='ocrx_word' id='word_1_295' title='bbox 2109 4359 2264 4416; x_wconf 81' lang='lat' dir='ltr'>huius</span> 
     </span>
     <span class='ocr_line' id='line_1_37' title="bbox 172 4451 1290 4527; baseline 0.001 -21"><span class='ocrx_word' id='word_1_296' title='bbox 172 4451 466 4527; x_wconf 80' lang='lat' dir='ltr'>philosophi</span> <span class='ocrx_word' id='word_1_297' title='bbox 502 4455 758 4527; x_wconf 78' lang='lat' dir='ltr'>optimum</span> <span class='ocrx_word' id='word_1_298' title='bbox 795 4455 921 4525; x_wconf 81' lang='lat' dir='ltr'>intp.</span> <span class='ocrx_word' id='word_1_299' title='bbox 959 4454 1290 4523; x_wconf 80' lang='lat' dir='ltr'>migraverat.</span> 
     </span>
    </p>
   </div>
  </div>
 </body>
</html>
