2867 5125
934 489 1068 532 AD
1165 488 1483 532 ιιειι.
1569 467 1649 539 11.
2201 467 2326 536 137

219 641 325 705 11.
371 640 498 715 23.,
562 644 742 701 etiam
802 639 1098 717 sequente
1154 644 1365 704 futuro
1422 645 1699 720 tempore
1751 643 1833 700 ef.
1875 639 1958 714 11,
2009 638 2065 700 1.
2110 659 2175 718 p.
2225 641 2325 717 19,

220 744 322 806 10.
413 745 606 804 Orell.
667 742 747 802 ad
805 744 932 803 Cic.
991 763 1104 820 pro
1166 744 1335 804 Coel.
1395 745 1455 817 §-
1516 742 1617 803 29.
1664 762 1725 819 Ρ.
1790 742 1893 802 28.
1938 775 2025 787 -
2110 763 2174 821 Ρ.
2220 743 2344 821 30,1
2417 752 2432 759 “

214 846 322 907 31.
381 849 485 906 sin
542 842 737 923 vero]
795 846 980 921 Apud
1039 849 1186 906 vett.
1244 849 1579 923 scriptores
1639 845 1749 902 has
1818 847 2156 919 particulas
2201 867 2325 909 non

213 949 347 1027 legi,
388 950 694 1009 neminem
734 949 964 1028 fugiet,
1011 947 1299 1008 dicebant
1341 950 1502 1008 enim
1545 946 1673 1005 sive
1719 947 1782 1006 si
1820 965 2006 1021 vero,
2053 949 2180 1008 sive
2222 951 2327 1008 sin

216 1052 346 1110 sive
390 1054 492 1110 sin
534 1059 763 1128 autem,
810 1070 1000 1127 quare
1044 1049 1339 1108 Ochsner.
1385 1043 1547 1125 (Cio.
1591 1047 1724 1107 1⁴:01.
1769 1066 1831 1124 p.
1877 1047 2022 1109 233.
2068 1048 2162 1107 ed.
2210 1048 2325 1124 3.),

216 1155 323 1230 qui
367 1156 470 1212 sin
532 1173 590 1212 v.
667 1153 947 1212 Ciceron.
995 1149 1192 1225 (Lael.
1234 1149 1427 1223 XVII,
1474 1147 1609 1227 63.)
1654 1151 1974 1226 scripsisse
2019 1151 2327 1226 opinatur,

219 1258 470 1328 erravit,
516 1254 629 1313 sed
673 1254 918 1329 saepius
964 1249 1129 1328 apud
1170 1249 1388 1310 lustin.
1435 1253 1642 1326 (XVI,
1689 1251 1748 1326 4,
1801 1249 1898 1310 14.
1973 1252 2217 1326 XXXI,
2266 1251 2326 1326 5,

219 1359 340 1433 7.),
389 1358 608 1417 Gaium
646 1356 828 1431 (Inst.
871 1355 923 1428 Ι,
974 1351 1102 1424 17.)
1136 1353 1196 1409 et
1224 1349 1505 1411 Lactant.
1553 1353 1686 1430 (VI,
1737 1350 1833 1424 16,
1881 1351 1973 1427 9.)
2007 1355 2328 1427 reperiun-

216 1464 345 1520 tur.
390 1459 614 1518 Boeth.
662 1454 841 1516 codd.
884 1454 1006 1527 hic,
1047 1451 1130 1525 Π,
1177 1451 1233 1510 7.
1283 1472 1345 1529 p.
1392 1454 1495 1528 38,
1545 1453 1642 1514 13.
1690 1456 1751 1512 et
1794 1473 1854 1529 p.
1903 1450 2046 1512 344.
2091 1448 2327 1530 (Glar.)

217 1565 324 1621 sin
366 1581 424 1621 v.
470 1560 791 1636 praebent,
837 1556 945 1615 sed
989 1575 1051 1631 p.
1097 1554 1199 1614 82·
1246 1555 1393 1620 747.
1440 1555 1586 1617 858.
1652 1556 1941 1616 Glarean.
1990 1558 2052 1615 et
2095 1555 2326 1616 Comm.

216 1665 283 1721 in
348 1664 508 1740 Top.
570 1662 696 1721 Cic.
760 1676 823 1733 p.
886 1652 1045 1728 276,
1093 1654 1152 1714 3.
1237 1658 1468 1718 Baiter.
1528 1662 1593 1720 si
1646 1679 1796 1719 vero
1856 1658 2199 1717 ediderunt.
2256 1689 2326 1705 -ο

393 1782 457 1839 p.
478 1761 580 1836 31,
599 1761 701 1820 27.
732 1779 1010 1821 omne...
1041 1754 1250 1836 pret]
1269 1760 1535 1819 Verbum
1567 1762 1734 1839 quod
1760 1761 2047 1820 omittunt
2065 1760 2330 1821 editores

220 1882 464 1936 omnes,
507 1864 752 1939 saepius
798 1863 959 1921 enim
1003 1858 1164 1918 idem
1207 1862 1377 1921 falsis
1416 1867 1479 1922 in
1525 1864 1679 1924 loeis
1724 1885 1759 1925 a
1804 1865 2020 1923 scribis
2063 1864 2331 1939 positum

216 1967 552 2042 reperitur,
587 1983 767 2041 quam
803 1965 880 2021 ob
926 1981 1057 2022 rem
1099 1963 1204 2037 IV,
1239 1963 1297 2024 6.
1340 1984 1404 2042 Ρ.
1452 1964 1556 2040 87,
1603 1966 1662 2026 3.
1706 1969 1779 2039 V,
1825 1964 1884 2024 4.
1929 1984 1993 2041 p.
2042 1962 2182 2039 106,
2227 1964 2330 2025 35.

220 2070 634 2139 correximuS,
680 2065 1020 2125 Commeat.
1065 2066 1128 2122 in
1175 2066 1333 2143 Top.
1377 2086 1443 2144 Ρ.
1491 2065 1638 2139 317,
1682 2065 1785 2125 45.
1874 2067 2015 2127 Non
2056 2073 2156 2125 est
2197 2069 2331 2144 igit.

216 2173 436 2251 vivere
498 2169 664 2253 quod
719 2167 978 2225 animali
1033 2184 1178 2224 esse
1236 2168 1392 2226 bene
1453 2167 1683 2226 Baiter.
1740 2168 1925 2226 anim.
1978 2168 2145 2244 quod
2189 2189 2334 2228 esse

220 2270 500 2345 scripsit,
561 2272 622 2327 et
682 2268 906 2326 ibidem
967 2285 1029 2342 p.
1091 2264 1252 2339 316,
1312 2266 1408 2326 15.
1505 2270 1726 2330 Genus
1782 2268 1949 2347 quod
2002 2271 2338 2349 cuius-libet

218 2371 673 2430 universaliter
687 2371 1099 2429 substantiam
1137 2377 1461 2443 monstrat,
1493 2377 1556 2429 et
1586 2370 1753 2446 quod
1776 2369 2103 2427 multorum
2122 2374 2334 2444 specie

222 2471 620 2542 diversorum
683 2472 1121 2530 substantialis
1177 2477 1276 2530 est
1340 2470 1680 2531 similitudo
1724 2488 1765 2525 a
1802 2472 2149 2543 propositis
2206 2477 2337 2529 ter-

220 2576 417 2634 nimis
587 2575 940 2651 seiungitur
999 2572 1327 2651 legendum
1389 2576 1521 2646 est,
1569 2573 1684 2630 -ubi
1744 2571 1922 2630 codd.
1986 2575 2125 2631 sim.
2174 2573 2342 2652 qnod

222 2696 267 2734 α
312 2694 498 2749 prop.
544 2677 866 2750 praebent.
909 2707 999 2718 —-
1086 2676 1288 2751 Supra
1331 2673 1541 2754 v.·15.
1590 2674 1834 2733 adverb.
1882 2676 2194 2733 minimum
2237 2693 2340 2735 re-

222 2778 573 2855 posuimuS.
609 2808 698 2818 -—
783 2796 844 2853 p.
893 2776 1010 2851 31,
1057 2773 1158 2834 30.
1219 2778 1527 2850 εωίετίηι.,
1587 2777 1670 2836 cf.
1716 2776 1796 2835 ad
1850 2775 1969 2849 IV,
2017 2774 2076 2833 3.
2122 2793 2186 2851 Ρ.
2234 2774 2338 2851 79,

226 2879 335 2940 30.
363 2910 444 2920 -—
490 2882 635 2950 ista,
680 2877 778 2936 vd.
822 2878 906 2952 H,
957 2874 1012 2937 1.
1056 2896 1119 2953 p.
1168 2874 1345 2948 20,5.
1383 2879 1459 2950 V,
1488 2875 1542 2937 1.
1587 2897 1650 2954 p.
1697 2877 1801 2950 98,
1845 2875 1948 2935 21.
1980 2876 2151 2936 Cass.
2197 2877 2337 2939 Var.

219 2979 314 3056 II,
367 2979 468 3041 40.
549 2981 728 3057 Quid
781 2983 941 3040 enim
999 2982 1126 3037 ista
1177 2980 1617 3051 praestantius
1677 2975 1809 3057 (sc.
1856 2975 2190 3056 Musica),
2234 2983 2343 3042 ubi

224 3087 348 3144 illa
411 3102 482 3141 ex
541 3084 757 3158 paucis
820 3084 883 3140 et
934 3078 1109 3138 malis
1171 3077 1348 3137 codd.
1411 3079 1636 3139 editur.
1723 3081 1819 3138 De
1876 3081 1995 3137 hae
2054 3098 2340 3155 pronum.

226 3186 487 3246 notione
551 3184 632 3242 cf.
693 3183 882 3243 Orell.
942 3182 1021 3242 ad
1076 3176 1234 3237 Hor.
1287 3176 1405 3253 Ep.
1448 3175 1505 3255 I,
1551 3178 1612 3255 6,
1657 3178 1760 3239 62.
1801 3209 1891 3223 —-·
1974 3197 2039 3256 p.
2086 3179 2189 3255 32,
2241 3182 2341 3245 10.

226 3282 487 3366 inquis]
551 3286 927 3360 Plerumque
984 3299 1132 3342 sane
1192 3279 1487 3341 similibus
1546 3284 1610 3340 in
1667 3281 1823 3340 locis
1882 3279 2093 3341 futuro
2146 3287 2344 3350 utitur

222 3390 495 3452 Boeth.=
555 3388 644 3461 V,
704 3383 764 3445 6.
821 3404 885 3463 p.
952 3381 1113 3457 115,
1175 3379 1274 3443 10.
1339 3380 1436 3443 18.
1504 3385 1659 3456 etc„
1720 3380 1832 3441 sed
1889 3383 1970 3445 cf.
2032 3385 2119 3458 V,
2172 3385 2231 3446 4.
2279 3407 2342 3466 p.

234 3488 384 3564 106,
434 3488 535 3547 28.
577 3518 664 3532 --

410 3590 612 3650 Car-m.
657 3588 731 3645 V.
777 3581 835 3644 6.
881 3580 1149 3663 norant]
1191 3584 1285 3644 De
1330 3584 1579 3663 plurali,
1625 3586 1730 3661 qui
1773 3585 2053 3661 sequitur
2098 3579 2346 3671 singul„

225 3692 334 3752 vd.
382 3690 491 3750 Ov.
534 3691 682 3749 Met.
730 3681 784 3760 I,
832 3683 934 3744 95.
987 3683 1126 3746 142.
1172 3687 1252 3747 ib.
1317 3688 1512 3748 Bach.
1573 3690 1709 3749 Tib.
1766 3683 1867 3762 II,
1914 3685 1993 3763 6,
2041 3686 2221 3765 116„
2282 3696 2348 3752 at

229 3791 404 3851 infra
446 3807 504 3848 v.
552 3788 654 3847 21.
705 3808 776 3849 ex
817 3790 937 3849 AD
983 3788 1137 3867 sing.
1181 3789 1441 3865 retinui,
1493 3809 1860 3867 quamquem
1900 3790 2081 3852 Plan.
2129 3795 2345 3854 vertit:

228 3889 410 3952 ὅποι-ε
467 3888 681 3962 πληγὰς
736 3890 840 3961 μὲν
900 3886 1125 3959 ἑώρων,
1191 3879 1374 3947 ἆθλον
1423 3889 1475 3949 δ’
1522 3890 1666 3964 ’ὑπὲρ
1732 3894 1971 3962 αἵματος
2025 3889 2225 3963 οὐδέν,
2276 3923 2347 3940 -—

227 4013 294 4054 v.
346 3992 445 4054 18.
507 3988 705 4068 arva]
770 3989 1144 4065 Antieipatio
1205 3991 1333 4048 est:
1396 4010 1542 4053 arva
1598 4010 1758 4069 quae
1819 4010 2042 4054 cruore
2098 3995 2348 4056 horrida

227 4096 408 4156 facta
482 4095 670 4153 sunt:
751 4094 830 4153 cf.
897 4091 1058 4151 Enn.
1124 4108 1223 4167 ap.
1286 4090 1414 4152 Cic.
1485 4092 1561 4154 de
1624 4095 1730 4155 Or.
1794 4088 1931 4168 111,
2000 4093 2120 4169 42,
2182 4092 2345 4169 167„

228 4215 478 4272 repone
536 4215 573 4254 e
632 4192 810 4253 codd.
877 4192 1039 4252 idem
1097 4192 1254 4252 Stat.
1319 4195 1514 4255 Theb.
1573 4196 1675 4273 X,
1735 4194 1841 4259 94.
1896 4196 2067 4255 horr.
2131 4194 2346 4274 (vulgo

232 4293 494 4375 omnia)
558 4297 825 4356 clament
878 4297 1091 4354 littora
1143 4292 1256 4370 (=
1299 4296 1567 4357 elamore
1612 4296 1865 4357 horrida
1922 4294 2146 4373 fiunt),
2191 4299 2346 4359 Hor.

237 4399 362 4460 od.
408 4395 498 4473 II,
546 4396 607 4471 9,
657 4395 711 4456 1.
757 4396 992 4470 hispidi
1038 4398 1199 4473 agri,
1257 4396 1433 4457 Iahn.
1495 4399 1575 4459 ad
1613 4401 1780 4479 Virg.
1828 4398 1903 4459 Gr.
1945 4395 2001 4471 I,
2048 4395 2173 4459 320
2219 4395 2357 4478 (edae
