2867 5125
891 460 1029 504 An
1123 460 1427 508 trun.
1512 441 1586 507 11.
2145 441 2270 516 135

183 624 406 691 μενεῖν.
462 615 801 692 respondet
843 619 1057 676 nostro
1114 616 1251 676 die
1307 634 1577 693 angen
1634 615 2019 693 mention,
2077 634 2268 694 quare

102 732 107 739 ·
187 719 334 778 bene
375 718 638 796 Herzog.
706 719 949 795 Quinct.
992 718 1089 791 X,
1137 716 1210 791 1,
1255 714 1337 777 30
1381 717 1447 775 id
1487 719 1741 776 verbum
1797 719 2067 795 recepit,
2113 736 2266 794 quo-

185 820 337 877 niam
381 820 462 877 ibi
506 818 583 878 de
631 838 937 881 armorum
979 821 1222 899 fulgore
1267 837 1470 880 sermo
1515 820 1610 877 est
1622 838 1645 893 3
1692 821 1771 879 cf.
1815 820 2032 880 Claud.
2081 820 2265 882 Cous.

187 919 316 983 Stil.
358 916 405 995 Ι,
453 918 598 980 200.
643 921 919 984 Lindem.
962 921 1042 983 ad
1080 922 1287 984 Plaut.
1327 924 1457 984 Mil.
1504 921 1679 984 Glor.
1719 916 1776 995 I,
1825 918 1881 997 1,
1927 920 1988 983 4.
2029 951 2117 1003 -τ

343 1042 405 1098 Ρ.
455 1021 558 1096 25,
604 1019 662 1082 6.
699 1021 896 1103 fort]
961 1025 1148 1084 Omisi
1206 1027 1399 1086 rebus
1456 1023 1620 1100 quod
1663 1025 1728 1083 in
1771 1029 1831 1086 A
1867 1041 1905 1082 a
1948 1021 2008 1081 2.
2051 1041 2133 1082 m.
2175 1022 2267 1083 le-

182 1124 371 1201 gitur,
434 1125 513 1183 cf.
556 1124 640 1197 V,
687 1123 745 1184 4.
789 1144 852 1202 Ρ.
911 1123 1066 1200 105,
1126 1126 1228 1185 27.
1302 1125 1444 1187 Not.
1491 1127 1567 1186 ad
1608 1122 1697 1201 11,
1745 1123 1804 1190 1.
1851 1143 1912 1202 p.
1960 1123 2079 1200 20,
2129 1122 2267 1198 1·0.;

185 1223 310 1283 dele
369 1223 529 1284 idem
586 1226 840 1284 verbum
898 1229 960 1285 in
1005 1227 1238 1288 Comm.
1283 1228 1345 1286 in
1391 1229 1547 1306 Top.
1593 1248 1655 1307 p.
1702 1226 1850 1303 311,
1897 1228 1955 1288 7.
2009 1229 2114 1286 ubi
2161 1226 2270 1286 de·

183 1329 272 1385 est
311 1328 375 1384 in
433 1325 704 1388 Einsied.
751 1327 884 1402 cd.,
945 1331 1008 1389 et
1052 1325 1209 1402 366,
1255 1326 1336 1385 27
1395 1326 1620 1408 (Quae
1671 1333 2162 1406 postpositione-9
2203 1333 2272 1391 in

182 1430 503 1490 disiunctis
564 1429 755 1489 rebus
816 1432 1137 1510 medioque
1196 1432 1557 1492 carentibus
1613 1432 1803 1491 r'ebus
1857 1438 2063 1490 ratam
2105 1426 2269 1509 etc.)

181 1529 436 1590 alterum
496 1530 647 1603 reb„
693 1530 791 1593 vd.
851 1533 931 1594 ib.
975 1551 1031 1593 V.
1077 1531 1178 1623 32.
1266 1532 1497 1592 Contra
1539 1535 1747 1609 recepi
1789 1533 1861 1607 V,
1908 1533 1969 1593 4.
2009 1552 2075 1610 p.
2126 1529 2269 1607 106,

181 1629 274 1693 27.
318 1653 392 1693 ex
437 1631 615 1691 codd.
678 1633 992 1706 omnibuS,
1050 1638 1225 1695 estne
1279 1653 1426 1696 vero
1465 1635 1827 1712 futurarum
1869 1637 1954 1695 ibi
1997 1637 2273 1695 scriben-

180 1734 313 1794 dum
335 1735 366 1793 3
411 1764 496 1778 --
582 1735 662 1794 ib.
726 1732 1015 1813 referre]
1082 1734 1181 1794 Gl.
1241 1738 1304 1796 A
1319 1756 1340 1796 .·
1402 1737 1665 1797 distare.
1778 1737 1943 1798 Malo
2009 1739 2273 1799 correxit

175 1835 522 1911 Bentlei.V,
563 1836 628 1898 3.
662 1856 727 1914 Ρ.
761 1835 903 1910 103,
935 1836 1015 1910 5.,
1060 1839 1332 1913 quamvis
1381 1836 1550 1914 apud
1606 1839 1872 1914 optimos
1936 1842 2271 1918 scriptores

174 1939 372 2018 refert
442 1958 877 2014 nonnunquam
937 1940 1216 1999 absolute
1278 1941 1557 2015 dicatur3
1620 1939 1744 1998 Sal.
1788 1940 1923 2021 Iug.
1985 1942 2159 2016 CXI,
2213 1941 2271 2005 1.

178 2043 278 2103 Ov.
321 2044 472 2103 Met.
512 2042 701 2117 xm,
749 2040 894 2101 268.
974 2042 1129 2101 Hor.
1175 2040 1304 2100 Sat.
1348 2035 1395 2115 Ῑ,
1449 2039 1503 2114 1,
1549 2038 1672 2113 50.,
1725 2043 1833 2103 ubi
1872 2047 2106 2107 viventi
2143 2044 2268 2104 dat.

178 2143 478 2203 commodi
525 2145 650 2203 sive
698 2163 1000 2220 personae
1046 2145 1159 2216 est,
1206 2142 1285 2202 cf.
1328 2142 1584 2202 Kirchn.
1629 2143 1711 2201 ib.

341 2245 495 2322 Cap.
538 2246 645 2308 IV.
690 2264 753 2322 p.
801 2243 918 2319 26,
968 2243 1066 2304 15.
1130 2241 1413 2323 quoque]
1476 2244 1828 2307 Lectionom
1876 2267 1915 2307 a
1954 2245 2113 2308 vall.
2178 2247 2273 2304 in·

178 2346 424 2407 ductam
468 2348 531 2405 in
586 2349 753 2405 textu
801 2348 1015 2423 posui,
1076 2346 1186 2405 sed
1249 2346 1658 2422 praeferenda
1715 2347 1860 2406 mihi
1917 2348 2158 2407 videtur
2210 2355 2276 2406 et

175 2469 311 2527 quo,
359 2468 502 2508 cum
549 2466 665 2527 que
727 2466 1006 2524 pronom.
1053 2448 1308 2507 relativo
1355 2447 1628 2507 additum
1674 2448 1842 2523 apud
1883 2449 2104 2509 Boeth.
2150 2466 2275 2506 non

175 2550 314 2632 legi,
361 2570 553 2627 quare
600 2549 782 2609 etiam
822 2550 894 2623 V,
941 2547 1000 2608 3.
1044 2570 1108 2627 p.
1160 2547 1301 2625 103,
1348 2548 1450 2612 24.
1496 2551 1826 2612 emendavi.
1912 2549 2069 2610 Num
2110 2547 2279 2625 apud

173 2655 457 2715 Ciceron.
504 2654 658 2712 haec
701 2651 970 2723 locutio,
1030 2671 1187 2728 quae
1236 2654 1402 2730 apud
1445 2653 1736 2729 Quinctil.
1784 2655 1848 2713 et
1888 2655 2105 2729 poetas
2150 2651 2276 2713 fre-

175 2776 369 2833 quens
435 2759 531 2816 est
589 2753 846 2829 (Osann.
910 2753 1119 2817 adnot.
1181 2758 1317 2819 crit.
1377 2757 1441 2814 in
1495 2756 1573 2814 X.
1630 2755 1768 2815 libr.
1835 2756 2079 2830 Quinct.
2120 2753 2274 2812 Inst.

173 2860 244 2919 P.
287 2854 336 2918 Ῑ.
385 2877 449 2935 Ρ.
500 2855 598 2917 14.
671 2849 757 2927 ΙΙ,
806 2874 867 2930 Ρ.
919 2852 977 2914 6.
1041 2854 1233 2936 [Giss.
1288 2856 1471 2918 1842.
1533 2854 1772 2938 progr]
1839 2861 1901 2917 et
1945 2858 2152 2932 Intpp.
2198 2853 2278 2913 ad

176 2962 340 3039 virg.
391 2959 620 3035 Georg.
662 2952 716 3030 Ι,
764 2956 865 3016 51.
913 2958 1020 3017 Ov.
1063 2960 1213 3019 Her.
1246 2960 1383 3033 XV,
1434 2959 1627 3037 129.),
1672 2960 2033 3031 inveniatur,
2076 2954 2276 3018 Madv.

175 3063 252 3123 ad
295 3064 396 3122 De
437 3061 571 3119 Fin.
616 3061 687 3132 V,
734 3059 836 3133 21,
883 3057 983 3120 60.
1030 3059 1270 3119 dubitat
1314 3056 1423 3138 [cf.
1472 3061 1577 3122 Or.
1618 3056 1673 3135 I,
1723 3054 1899 3137 1.2]=
1946 3054 2056 3117 sed
2098 3073 2276 3132 pron.

174 3164 615 3240 interrogativo
685 3165 932 3239 saepius
994 3164 1213 3238 partic.
1277 3182 1395 3241 que
1456 3161 1749 3225 adnexam
1806 3160 2112 3233 invenie8‚
2178 3156 2288 3216 vd.

172 3266 336 3324 infra
381 3258 487 3334 Ill,
538 3263 635 3324 12.
676 3285 740 3342 p.
787 3263 889 3337 67,
938 3262 997 3323 3.
1071 3266 1143 3337 V,
1189 3263 1248 3325 3.
1292 3284 1357 3341 Ρ.
1407 3262 1567 3339 101,
1612 3262 1714 3323 24.
1788 3262 1985 3322 Kritz.
2029 3258 2107 3317 ad
2152 3258 2278 3319 Sal.

175 3368 310 3430 cat.
354 3367 588 3439 XXIII,
637 3368 694 3427 4.
732 3369 780 3427 F
785 3370 912 3427 abr.
959 3365 1037 3425 ad
1079 3365 1249 3438 XXI,
1298 3364 1353 3426 1.
1395 3398 1486 3409 -—-
1569 3385 1632 3443 p.
1681 3364 1783 3440 26,
1828 3363 1931 3423 25.
1992 3357 2282 3441 quando]

175 3471 393 3546 Bene,
456 3470 537 3530 cf.
580 3465 697 3546 111,
742 3471 802 3532 2.
849 3492 898 3530 S.
945 3471 987 3531 f.
1056 3466 1286 3526 Corum.
1344 3468 1407 3524 in
1469 3469 1625 3543 Top.
1683 3468 1808 3526 Cic.
1856 3486 1916 3542 p.
1964 3464 2123 3538 285,
2181 3462 2280 3523 11.

179 3574 344 3649 302,
394 3571 496 3633 30.
569 3575 740 3633 Cass».
784 3566 846 3644 Ι,
898 3570 927 3629 1
976 3573 1059 3629 in.
1121 3567 1159 3626 4
1206 3569 1326 3642 in.,
1368 3570 1474 3628 ubi
1518 3567 1696 3626 codd.
1746 3567 2082 3630 deteriores
2128 3586 2280 3645 quo-

172 3682 351 3738 ·m'am
396 3676 698 3746 exhibent,
741 3672 941 3732 Madv.
990 3669 1064 3730 ad
1109 3669 1204 3728 De
1242 3670 1374 3730 Fin.
1421 3690 1486 3747 p.
1531 3669 1675 3730 649.
1724 3670 1868 3730 735.
1912 3701 1997 3713 -—·
2066 3688 2133 3747 Ρ.
2178 3666 2280 3741 28,

178 3778 239 3840 3.
299 3797 422 3839 nec
465 3785 562 3837 est
606 3798 658 3835 S.
706 3770 806 3853 b.]
883 3772 1237 3835 Sententia:
1318 3773 1406 3845 ,Si
1452 3773 1766 3832 beatitudo
1812 3791 2114 3832 summum
2170 3772 2283 3830 bo·-

178 3900 330 3940 nnm
392 3880 523 3938 iure
583 3877 874 3947 vocatur,
935 3894 1136 3950 neque
1197 3894 1412 3937 summ.
1460 3876 1691 3935 bonum
1735 3875 1864 3935 ullo
1909 3876 2091 3935 modo
2138 3893 2283 3952 pos-

178 3982 410 4042 sidenti
456 3981 610 4055 eripi
653 3981 893 4054 potest,
953 3976 1221 4053 alioquin
1271 3996 1487 4039 summ.
1531 3979 1676 4037 bon.
1721 3997 1855 4037 esse
1900 3979 2129 4052 nequit,
2175 3996 2284 4035 ne·-

176 4103 281 4143 mo
335 4082 636 4140 dubitabit
679 4080 821 4143 etc.⁶
909 4079 1200 4141 Similiter
1242 4084 1431 4155 illud,
1475 4078 1641 4156 quod
1682 4078 1865 4157 vulgo
1914 4079 2286 4151 inserebant,

177 4183 545 4257 interpretis
609 4200 744 4242 esse
790 4183 935 4241 mihi
979 4183 1253 4259 videtur,
1293 4180 1384 4259 Π,
1429 4183 1487 4242 5.
1536 4201 1596 4258 Ρ.
1645 4179 1760 4254 32,
1806 4179 1886 4252 9.,
1945 4180 2046 4238 ubi
2073 4181 2286 4265 'ullum

181 4306 256 4346 ex
321 4285 568 4360 optimis
626 4287 776 4344 meis
839 4285 1020 4344 codd.
1088 4263 1366 4360 restitni3
1434 4284 1532 4341 vd.
1592 4281 1717 4374 Qic.
1780 4283 1855 4340 de
1898 4275 2172 4354 Fin.111‚
2227 4280 2284 4352 1,

178 4388 242 4447 2.
290 4418 385 4432 --
469 4405 531 4463 Ρ.
578 4385 698 4461 28,
746 4387 806 4447 6.
865 4383 1053 4474 quin]
1112 4385 1304 4445 Codd.
1366 4387 1512 4448 vett.
1572 4402 1782 4445 omnes
1843 4386 1988 4461 post
2047 4384 2285 4459 adspz‘r.
