2867 5125
492 423 584 469 ιιι
1193 406 1891 473 Pnoneoon.

495 573 755 654 cell‘uit‚
815 577 1120 661 quoniam
1178 597 1224 643 a
1262 578 1404 643 iure
1444 596 1772 664 nunquam
1832 578 1918 645 ad
1961 579 2260 646 iniuriam
2323 580 2579 648 detrahi

494 697 756 771 poterat
780 693 905 781 ¹2).
994 686 1383 754 Theoderici
1429 688 1795 756 Gothorum
1834 691 2014 774 regis
2054 687 2408 757 amicitiam
2449 693 2579 758 iam

494 812 842 884 antequam
889 798 1043 865 CoS.
1085 798 1312 879 fieret,
1380 811 1615 865 nactus
1657 810 1796 879 est,
1857 802 2132 888 eiusque
2187 822 2317 888 ope
2373 802 2580 871 multa

493 911 763 995 egregia
820 929 950 976 non
994 912 1188 977 modo
1252 932 1336 977 eo
1398 910 1548 995 ipso
1610 909 1994 978 consulatus
2066 923 2397 999 tempore,
2453 915 2578 979 sed

383 1049 387 1053 ·
494 1022 688 1086 etiam
736 1033 973 1106 postea
1016 1023 1239 1106 gessit.
1327 1020 1511 1088 nlius
1572 1023 1743 1088 enim
1784 1022 1969 1088 iussn
2034 1044 2173 1089 rem
2218 1025 2580 1104 numeriam

495 1124 831 1198 constituit
862 1138 1009 1214 1³),
1057 1144 1122 1199 et
1166 1154 1314 1199 cum
1355 1131 1611 1226 fructus
1654 1131 1827 1199 male
1871 1146 2095 1200 essent
2134 1135 2464 1220 percepti,
2507 1146 2581 1200 ut

494 1253 633 1309 tota
674 1243 817 1310 fere
857 1242 1050 1309 Italia
1092 1244 1316 1329 inopia
1358 1265 1439 1309 ac
1479 1242 1656 1309 fame
1699 1257 2137 1332 premeretur,
2189 1244 2577 1324 Praefectus

493 1341 706 1419 Praet.
753 1374 793 1419 e
833 1353 1116 1439 publicis
1158 1355 1434 1422 aerariis
1478 1376 1776 1438 annonas
1837 1356 2151 1421 exercitui
2212 1356 2420 1421 coemi
2463 1378 2576 1420 vo-

491 1463 637 1545 luit,
664 1466 782 1530 sed
801 1465 1114 1532 Boethius
1144 1466 1276 1552 qui,
1298 1450 1383 1530 ne
1412 1461 1544 1531 hac
1577 1467 1987 1550 coemptione
2006 1467 2370 1552 Campania
2394 1489 2578 1553 pror-

493 1596 609 1642 sus
654 1575 1149 1662 profligaretur,
1207 1577 1470 1655 metuit,
1528 1596 1755 1665 regem
1800 1578 1960 1643 adiit
2001 1588 2067 1643 et
2105 1589 2177 1642 ut
2211 1577 2329 1644 illa
2373 1577 2580 1662 negli-

494 1696 758 1770 geretur
797 1688 982 1772 petiit
1009 1690 1136 1769 14).
1226 1686 1530 1752 Privatos
1589 1688 1770 1753 viros
1830 1691 1916 1754 ab
1978 1687 2216 1753 aulicis
2272 1686 2580 1754 delatori-

491 1799 619 1863 bus
661 1798 804 1862 sine
846 1797 1019 1863 iusta
1066 1818 1309 1863 caussa
1335 1808 1688 1864 accusatos
1720 1820 1961 1884 poena,
2011 1817 2180 1884 quae
2211 1798 2341 1864 illis
2374 1820 2579 1884 saepe

431 1921 443 1931 ‘
491 1909 622 1975 iam
665 1908 911 1974 indicta
957 1920 1123 1987 erat,
1167 1891 1494 1987 liberavit,
1538 1918 1604 1974 et
1646 1907 1925 1987 multos,
1971 1912 2082 1997 qui
2122 1910 2357 1976 iniuria
2398 1911 2579 1976 viros

494 2019 756 2086 nobiles
802 2019 1073 2086 afficere
1114 2021 1399 2084 animum
1447 2020 1837 2086 induxerant
1867 2024 1973 2102 ¹⁵)
1994 2066 2014 2101 ,
2060 2018 2334 2102 deiecit,
2379 2042 2582 2107 quare

488 2131 667 2217 apud
707 2129 1023 2217 populum
1070 2129 1268 2214 longe
1310 2110 1596 2197 maximo
1640 2131 1891 2197 honore
1933 2131 2073 2198 fuit.

612 2313 621 2340 Ι
659 2242 884 2307 Uxore
928 2243 1258 2327 gaudebat
1314 2242 1701 2307 Rusticiana
1747 2243 1828 2317 Q.
1868 2243 2026 2308 Aur.
2059 2241 2347 2309 Memmii
2387 2239 2573 2327 Sym-

488 2343 706 2420 Inachi
745 2350 882 2419 filia
917 2354 1049 2438 Ιὅ),
1095 2373 1179 2418 ex
1224 2374 1352 2437 qua
1397 2351 1513 2416 filii
1559 2353 1686 2417 duo
1731 2355 1921 2423 Anio.
1966 2353 2168 2424 Manl.
2215 2352 2574 2423 severinus

623 2565 714 2630 12)
754 2560 833 2616 cf.
871 2560 925 2632 l,
961 2568 1010 2621 4.
1047 2581 1102 2635 p.
1141 2568 1206 2627 8,
1240 2567 1324 2622 24.
1675 2567 1763 2634 13)
1800 2564 2039 2621 Cassiod.
2087 2567 2216 2621 Var.
2252 2565 2312 2633 l,
2361 2573 2443 2623 10.

619 2684 714 2749 14)
753 2679 834 2735 Cf.
871 2678 1003 2735 Not.
1037 2678 1204 2747 adl,
1253 2682 1305 2733 4.
1341 2698 1394 2752 p·
1444 2686 1556 2739 124.
1627 2681 1736 2737 Iam
1786 2693 1911 2738 ante
1960 2683 2345 2739 Tbeodericum
2393 2693 2447 2738 et
2496 2682 2577 2737 lu·

484 2776 764 2830 atinianum
819 2775 932 2844 (vd.
983 2774 1220 2845 Procop.
1270 2772 1324 2827 h.
1370 2793 1480 2830 arc.
1529 2779 1674 2842 338.)
1725 2779 1857 2832 tales
1906 2779 2267 2849 coemptiones
2303 2776 2577 2846 (συνωνή)

485 2878 700 2923 exactas
737 2886 860 2923 esse
893 2868 946 2922 hi
983 2867 1118 2923 cod.
1157 2865 1360 2923 Theod.
1398 2869 1502 2922 loci
1539 2868 1932 2926 demonstrantz
1970 2871 2004 2924 l.
2041 2870 2181 2925 vm.
2217 2870 2311 2929 De
2345 2888 2577 2925 annona

484 2969 543 3017 et
590 2961 723 3016 trib.
774 2962 830 3015 ll.
882 2960 1003 3015 XV.
1057 2969 1113 3016 et
1160 2959 1354 3014 xvlll.
1424 2960 1519 3016 De
1566 2972 1785 3038 eroyat.
1840 2981 2048 3020 annon.
2096 2965 2266 3021 milit.
2308 2964 2341 3017 l.
2376 2963 2499 3019 XX.
2537 2963 2573 3021 Ι.

483 3054 660 3109 XXX.

430 3134 439 3181 ἱ
617 3150 707 3214 15)
743 3147 787 3214 Ι,
822 3153 872 3204 4.
909 3167 963 3221 p.
999 3154 1051 3206 9.

620 3253 711 3318 16)
743 3250 1101 3305 Rusticianam
1149 3251 1351 3322 Symm-
1398 3248 1563 3307 filiam
1598 3251 1817 3309 Boethii
1868 3272 2083 3310 uxorem
2118 3254 2285 3310 fuisse
2329 3262 2383 3309 et
2416 3271 2448 3307 e
2480 3252 2574 3307 lib.

487 3343 526 3398 Ι.
564 3361 680 3414 cap.
716 3349 767 3413 4,
800 3361 858 3415 p·
894 3350 991 3414 12,
1029 3348 1102 3409 5.,
1140 3358 1316 3410 ,socer
1348 3352 1634 3410 sanctus‘‚
1669 3347 1737 3414 n,
1772 3351 1826 3404 4.
1861 3365 1915 3418 p.
1950 3352 2039 3414 26,
2087 3353 2140 3404 9.
2180 3356 2232 3401 et
2267 3364 2299 3401 e
2333 3345 2573 3415 Procop-

483 3436 540 3491 h.
578 3435 738 3490 Goth.
775 3434 831 3500 1,
869 3442 952 3493 11.
1017 3435 1124 3502 ΙΙΙ,
1158 3442 1244 3493 20.
1294 3446 1532 3509 apparet.
1606 3440 1881 3513 Elpidem
1914 3441 2194 3512 quamdam
2246 3456 2368 3494 eum
2416 3438 2577 3492 etiam

482 3533 540 3587 iu
587 3532 972 3586 matrimonium
1028 3531 1244 3585 duxisse
1298 3532 1658 3609 eiusdemque
1693 3531 1837 3587 filios
1893 3532 2218 3606 Hypatium
2265 3540 2321 3587 et
2375 3530 2576 3585 Patri·

483 3629 638 3681 cium
688 3643 776 3679 ao.
829 3632 953 3682 500.
1001 3624 1280 3703 consulatu
1323 3625 1537 3680 functos
1584 3644 1728 3699 esse
1754 3627 1950 3694 Rota,
1998 3625 2267 3690 Bertius,
2318 3623 2573 3680 Gmai&

483 3720 676 3790 aliique
725 3719 952 3774 tradunt.
1036 3717 1244 3773 Vallia.
1298 3719 1410 3773 eius
1461 3728 1668 3791 patrem
1702 3719 1936 3775 Festum
1966 3721 2239 3786 nominat,
2285 3706 2445 3789 finem
2494 3734 2574 3771 er-

480 3832 659 3869 rorem
696 3815 932 3884 sequitur
987 3811 1341 3883 Wernsdorf.
1394 3812 1553 3882 (PP.
1603 3814 1695 3868 lat.
1747 3814 1873 3868 min.
1922 3813 1983 3869 Τ.
2021 3813 2112 3867 vl.
2148 3831 2202 3884 p.
2252 3817 2371 3870 226.
2387 3812 2437 3883 )‚
2486 3811 2575 3880 qul

482 3909 620 3964 adeo
658 3905 859 3961 Boeth.
909 3924 1103 3963 socero
1152 3924 1253 3961 suo
1288 3905 1453 3962 Festo
1487 3905 1868 3961 Maximianum
1917 3908 1972 3960 in
2007 3907 2271 3976 legatione
2319 3903 2575 3961 constan-

483 4003 833 4074 tinopolitana
895 3962 1353 4056 commendavisse
1416 4001 1581 4061 addit.
1652 3999 1897 4072 Elpidem
1945 4000 2176 4054 Siculam
2228 3999 2396 4053 fuisse
2449 3998 2575 4053 illud

483 4098 805 4167 epigramma
839 4096 894 4174 in
929 4095 1130 4151 obitum
1164 4096 1365 4163 mariti,
1413 4095 1562 4150 cuius
1598 4113 1793 4154 nomen
1827 4112 1937 4150 non
1982 4101 2193 4149 constat
2240 4093 2351 4162 (vd.
2382 4090 2573 4150 Burm.

481 4191 644 4246 Anth.
693 4191 816 4246 Lat.
870 4190 1021 4245 Tom.
1074 4190 1138 4245 ΙΙ.
1190 4193 1354 4263 epigr.
1408 4196 1526 4248 138.
1577 4189 1637 4243 Τ.
1688 4188 1737 4243 l.
1786 4207 1837 4259 p.
1883 4193 2003 4245 321.
2076 4185 2416 4241 Wernsdorf.
2454 4185 2489 4238 l.
2528 4202 2575 4236 c.

479 4284 604 4340 Vol.
643 4284 732 4339 ΙΙΙ.
770 4305 823 4356 p.
860 4288 1036 4355 8500,
1074 4295 1327 4340 testatum
1364 4285 1549 4338 mirum
1585 4283 1739 4353 igitur
1772 4292 1891 4348 est,
1925 4280 2071 4351 qnod
2107 4281 2250 4335 multi
2291 4281 2405 4334 VV.
2444 4279 2571 4334 DD.

477 4376 584 4432 hoc
633 4395 844 4437 carmen
895 4380 965 4435 ad
1016 4376 1215 4435 Boeth.
1266 4377 1538 4443 referunt,
1587 4395 1705 4432 cum
1757 4378 1860 4448 ipsi
1913 4374 2159 4448 Elpidem
2207 4385 2331 4431 ante
2371 4372 2576 4430 Boeth.
