2867 5125
54 402 71 827 -—---—.....-
58 304 63 315 -

919 507 1052 551 ΑΒ
1142 504 1444 555 ιιιιιι.
1517 487 1635 556 IV.
2214 495 2341 570 153

418 667 622 726 Carm.
654 663 727 738 V.
772 661 832 723 3.
880 671 1095 742 regat,
1145 663 1350 726 Sitzm.
1396 663 1476 725 cf.
1523 663 1667 726 Seu.
1712 664 1924 726 Octav.
1969 667 2073 730 86.
2104 673 2341 754 -119‚

239 767 446 850 rara]
495 770 647 830 Cod.
678 771 737 829 A
773 767 1102 826 lectionem
1145 786 1295 826 raro
1341 766 1663 828 confirmat
1708 774 1770 830 et
1813 770 1991 830 Plan.
2038 771 2202 852 (πᾶν
2251 775 2345 851 372

241 867 501 928 σπανίως
564 860 602 934 ἦ
667 859 835 932 φύσις
901 859 1046 932 ἔρδει
1062 902 1080 931 ,
1156 859 1426 933 ἐκλῆπτον
1493 866 1704 936 αἴφνης
1767 860 1981 936 ἄνδρας
2044 863 2344 944 ἠρώτας)

242 962 311 1018 et
355 957 489 1018 Col.
537 955 634 1015 ed.
685 952 868 1014 1589.
903 984 989 999 —·-

420 1058 571 1137 Cap.
603 1058 706 1119 VI.
751 1078 814 1135 p.
852 1056 955 1132 87,
1000 1057 1060 1118 3.
1121 1061 1218 1118 uti
1258 1053 1449 1138 quae]
1495 1057 1609 1119 Vd.
1652 1058 1730 1119 ad
1772 1060 1855 1136 ΙΙ,
1902 1058 1961 1122 5.
2007 1081 2071 1140 p.
2101 1063 2342 1127 13⁷.-

244 1164 326 1221 ib.
369 1158 467 1227 16.
514 1157 735 1243 delia]
782 1163 961 1244 Vulg.
996 1162 1271 1222 delibare
1317 1161 1448 1219 sine
1479 1159 1664 1220 dubio
1695 1162 1897 1221 Pulm.
1932 1169 2193 1228 coniect.
2228 1175 2343 1250 est,

244 1263 358 1329 sed
401 1264 499 1324 vd.
551 1266 628 1325 de
671 1268 1007 1326 construet.
1052 1284 1113 1343 p.
1146 1261 1287 1324 126.
1317 1294 1406 1314 -ψ-
1449 1282 1512 1339 p·
1551 1260 1657 1336 88,
1705 1262 1806 1321 28.
1845 1272 2199 1351 prospexit]
2245 1276 2342 1334 si..

248 1367 378 1429 mili
426 1368 607 1428 modo
651 1368 1096 1429 restituendum
1142 1370 1236 1427 est
1275 1367 1435 1444 perf.
1483 1386 1517 1424 e
1563 1365 1741 1425 codd.
1789 1385 1887 1444 ap.
1937 1368 2108 1430 Cass·
2141 1367 2194 1446 I,
2244 1374 2344 1438 29.

245 1470 495 1530 devotio
567 1481 783 1533 vestra
814 1514 833 1533 .
863 1514 882 1533 .
918 1513 936 1532 .
968 1473 1200 1548 spatia,
1258 1489 1418 1548 quae
1483 1472 1719 1530 viredis
1782 1478 1971 1530 antea
2036 1476 2347 1542 licuerunt

246 1572 446 1652 (vulg.
493 1571 844 1652 licuerant)
877 1618 896 1636 .
916 1613 933 1631 .
953 1618 969 1635 .
1007 1575 1341 1648 restituat3
1403 1570 1517 1645 ΠΙ,
1567 1570 1622 1631 9.
1672 1576 2098 1651 decernimus,
2155 1590 2226 1640 ut

247 1678 330 1737 de
371 1685 512 1735 arte
552 1678 935 1751 pulcerrima
1002 1682 1065 1734 et
1122 1693 1282 1754 qnae
1339 1674 1468 1733 situ
1519 1670 1781 1750 fuerunt
1826 1672 1876 1752 ζ
1862 1673 2124 1750 fuerant
2170 1683 2344 1763 edd.)

249 1780 540 1848 obscura,
591 1781 834 1857 antiqui
872 1780 1096 1838 nitoris
1133 1779 1381 1853 possint
1421 1777 1709 1850 recipere
1752 1779 2130 1857 qualitatem.
2173 1786 2347 1849 Infra

223 1882 460 1945 *autem
502 1901 565 1958 p.
604 1879 706 1955 90,
747 1880 848 1941 27.
894 1882 1049 1940 bene
1093 1899 1160 1941 se
1207 1881 1394 1941 habet
1433 1879 1824 1951 respexerit,
1871 1882 1932 1938 et
1973 1901 2035 1959 p.
2080 1882 2236 1963 111,
2284 1891 2342 1951 9.

246 1981 560 2058 patefacit
604 1982 798 2056 edidi,
843 1982 945 2041 ubi
989 1981 1173 2061 vulgo
1218 1981 1376 2040 male
1414 1979 1793 2059 patefecerit
1831 1990 2149 2062 receptum
2197 1997 2347 2055 erat.

253 2117 341 2142 τ·-
384 2105 447 2162 p.
483 2085 587 2159 89,
612 2084 712 2144 30.
753 2081 922 2158 prof.
951 2122 968 2139 .
995 2126 1011 2143 .
1046 2103 1184 2142 nec.
1229 2080 1368 2163 est]
1412 2084 1589 2144 Haeo
1628 2083 1816 2142 verba
1856 2087 1929 2143 ut
1968 2090 2349 2167 explicentur

252 2190 476 2249 indiss.
523 2207 735 2248 cause.
782 2188 1162 2244 connexione
1209 2186 1475 2261 scriptor
1514 2187 1700 2261 addit,
1746 2206 1963 2247 sensus
1996 2191 2181 2269 igitur
2214 2201 2347 2257 θείς

251 2291 610 2365 ‚Hominum
655 2293 828 2349 actus
873 2288 1230 2348 immutabili
1280 2307 1636 2351 caussarum
1681 2288 1946 2365 quodam
1991 2293 2205 2355 ordine
2247 2318 2348 2358 re-

254 2396 523 2472 guntur,
585 2395 689 2469 qui
735 2394 810 2453 ab
853 2394 1209 2452 immutabili
1266 2392 1650 2469 providentia
1691 2391 2008 2466 profectus
2053 2398 2185 2473 ipse
2233 2402 2350 2462 im..

255 2495 568 2554 mutabilis
601 2497 682 2553 sit
713 2513 963 2554 necesse
999 2495 1133 2553 est!
1208 2493 1408 2553 Aliam
1443 2494 1804 2553 seutentiam
1838 2502 2134 2572 expressit
2164 2503 2349 2567 Notk.
2434 2479 2438 2484 ’

254 2600 376 2664 Ru
418 2595 574 2657 rihtz‘
613 2602 714 2660 sol
752 2599 897 2660 n6te
939 2592 1290 2676 imvvendty
1332 2596 1455 2670 sin,
1497 2597 1743 2655 vvcinda
1775 2599 1836 2656 si
1865 2600 2070 2664 έηηᾶη
2107 2608 2352 2669 οΙηῖηιει

250 2702 408 2780 fone
450 2705 603 2764 dero
646 2703 858 2764 stanin
894 2702 1320 2779 providentia,
1365 2700 1472 2776 qui
1530 2700 1688 2759 hano
1747 2704 2227 2768 enuntiationem
2272 2713 2353 2772 ad

257 2811 490 2868 seriem
534 2809 729 2884 ipsam
770 2804 999 2865 tetulit.
1024 2833 1107 2844 --
1163 2822 1226 2880 p.
1267 2799 1368 2876 90,
1403 2800 1506 2863 20.
1548 2801 1948 2885 adiuventur]
1997 2807 2090 2869 Cf.
2132 2810 2247 2887 III,
2291 2814 2353 2877 8.

257 2931 324 2990 p.
371 2909 617 2970 145.--
659 2929 722 2985 p.
758 2905 860 2980 91,
899 2905 994 2964 15.
1036 2898 1327 2974 Ἀνδρὸς
1368 2902 1533 2985 etc-J
1581 2908 1683 2967 Sic
1728 2929 1799 2968 ex
1840 2906 1998 2972 Van.
2048 2915 2349 2975 emendat.

261 3015 518 3091 scripsi,
581 3014 686 3089 qui
742 3012 921 3070 etiam
962 3009 1124 3068 hanc
1159 2989 1555 3079 u’vffodc'zeqo&
1573 3014 1704 3081 σῶμ.
1744 3011 1963 3081 αὔθ’.ἐξ.
1999 3021 2350 3092 proposuit.

259 3120 543 3195 Apparet
587 3115 765 3187 enim,
809 3129 1051 3170 versum
1095 3109 1416 3186 quemdam
1460 3113 1523 3171 in
1564 3113 1660 3172 his
1704 3113 1924 3175 litteris
1979 3122 2217 3194 graecis
2261 3122 2354 3182 la-

260 3226 432 3294 tere3
499 3218 609 3277 sed
653 3217 787 3294 quis
831 3214 934 3273 ille
978 3213 1376 3290 Philosophia
1419 3216 1813 3275 excellentior
1861 3218 1942 3275 sit
2003 3220 2123 3279 iam
2169 3243 2357 3299 quae-

266 3325 407 3383 sivit
451 3320 633 3390 Notk.
680 3317 728 3398 ζ
727 3320 788 3378 V
782 3318 988 3377 visere
1033 3316 1161 3376 chit
1201 3319 1279 3375 si.
1329 3317 1495 3376 Vver
1538 3319 1683 3396 may
1723 3318 1975 3378 vvisera
2016 3324 2118 3383 sin
2153 3330 2358 3389 danne

264 3427 465 3488 selbiu
508 3424 872 3500 sapientia?
945 3414 1129 3480 dher
1184 3420 1310 3479 da'h
1368 3419 1444 3480 36
1503 3421 1805 3480 chidendo
1861 3421 2019 3481 leret
2074 3429 2138 3486 si
2174 3432 2360 3491 imsiloe

266 3521 718 3602 humilitatem)
737 3546 763 3601 ,-
845 3523 944 3583 alii
1015 3523 1287 3583 Hermen
1343 3523 1843 3603 Trismegistum‚
1902 3525 2004 3584 alii
2065 3528 2358 3593 Sanctum

270 3631 596 3709 quemdam
636 3631 886 3688 auctore
931 3629 1212 3705 Freytag.
1258 3625 1646 3705 intellegunt.
1701 3624 1987 3687 Ceterum
2032 3634 2124 3689 ait
2167 3638 2361 3696 omitti

269 3735 512 3813 potest,
571 3731 668 3791 vd.
713 3750 775 3807 p.
828 3729 966 3799 150.
1004 3761 1090 3774 --
1146 3747 1208 3804 p.
1243 3727 1358 3803 91,
1408 3728 1507 3789 17.
1566 3723 1884 3807 regenda]
1945 3732 2124 3806 Quod
2167 3738 2359 3797 multo

270 3839 552 3915 praestat
589 3835 859 3914 vulgata,
903 3832 978 3890 de
1023 3832 1380 3892 confusione
1416 3854 1556 3912 ρον.
1604 3835 1668 3891 et
1706 3853 1836 3910 req.
1877 3831 1976 3891 vd.
2008 3835 2360 3901 Drackenb.

272 3942 351 4001 ad
397 3941 526 4000 Liv.
569 3937 820 4009 XXVII,
854 3932 956 4007 40,
994 3933 1052 3992 2.
1142 3930 1251 3999 sil.
1278 3937 1356 3996 It.
1389 3939 1461 4012 V,
1508 3934 1651 3998 242.
1697 3935 2040 3997 Markland.
2089 3941 2169 4000 ad
2204 3944 2361 4004 Stat.

274 4042 422 4103 silv.
458 4042 508 4115 1,
551 4040 616 4115 2,
663 4037 804 4098 267.
897 4038 1060 4116 Virg.
1105 4036 1259 4096 Aen.
1300 4037 1352 4111 Ι,
1397 4036 1645 4097 340.--
1693 4039 1772 4096 ib.
1817 4037 1941 4114 21„
1984 4044 2081 4102 vd.
2124 4063 2187 4120 p.
2224 4046 2363 4107 147.

266 4175 357 4203 ε·-
401 4162 464 4219 p.
500 4141 603 4215 92,
642 4141 738 4201 15.
787 4149 1131 4219 expectans
1173 4141 1377 4217 inepte
1427 4140 1605 4200 codd.
1651 4142 1843 4216 Van„
1891 4145 1956 4203 at
1998 4146 2209 4206 eadem
2252 4168 2364 4210 vox

270 4245 590 4310 reddenda
633 4247 728 4304 est
758 4243 1028 4303 Cassiod.
1058 4241 1173 4315 ΙΠ,
1205 4240 1305 4300 37.
1346 4243 1659 4319 Quoniam
1703 4265 2075 4307 caussarum
2116 4257 2362 4309 vestra-

271 4369 414 4409 rum
459 4349 733 4427 qualitas
775 4349 949 4406 vobis
1004 4348 1184 4406 debet
1229 4348 1540 4407 iudicibus
1585 4351 1944 4425 terminari,
2002 4369 2045 4406 a
2090 4369 2209 4427 quo
2251 4372 2364 4410 ex-

268 4451 588 4526 pectanda
632 4444 845 4530 [vulgo
892 4454 988 4508 est
1031 4443 1255 4525 spect]
1303 4451 1503 4527 magis
1544 4467 1726 4527 quam
1771 4453 2142 4548 imponenda
2185 4456 2364 4515 iasti-
