2867 5125
506 523 615 569 xrv
1209 504 1904 571 Pnonnoou.

505 674 680 761 apud
727 694 948 763 regem
994 675 1506 756 criminarentur,
1556 686 1623 741 et
1667 674 1838 742 clam
1883 673 2228 762 epistolam
2270 674 2359 742 ad
2397 673 2582 742 lusti*-

504 808 657 854 num
700 787 1158 873 imperatorem
1216 785 1299 853 de
1354 786 1758 855 restituenda
1811 786 2111 854 libertate
2150 805 2427 853 romana
2470 786 2588 853 de·-

503 898 681 963 disse
722 898 1032 966 dicerent.
1087 896 1301 963 *Haec
1344 905 1409 963 et
1454 895 1615 964 talia
1656 909 1921 984 praeter
1966 908 2223 965 ceteros
2263 896 2579 978 Basilius,

501 1008 721 1094 Opilio
748 1022 832 1076 ·et
878 1008 1416 1092 Gaudentius¹⁸)
1458 1009 1861 1090 detulerunt,
1919 1005 2219 1075 homines
2278 1027 2578 1095 nequam,

498 1141 769 1204 quorum
815 1122 1062 1206 primus
1122 1139 1163 1183 a
1219 1130 1450 1186 senatu
1488 1130 1740 1201 motus,
1801 1126 1872 1186 ut
1928 1134 2048 1185 aes
2102 1115 2384 1186 alienum
2444 1116 2578 1184 sol-

456 1229 462 1244 '
497 1251 655 1296 vere
697 1242 964 1316 posset,
1007 1231 1417 1297 accusatoris
1459 1236 1685 1316 partes
1747 1226 2049 1296 sustinuit
2107 1241 2173 1296 et
2213 1228 2447 1315 reliqui
2489 1230 2576 1295 ob

493 1343 877 1426 innumeras¹
941 1341 1210 1407 fraudes
1267 1339 1467 1407 exilio
1531 1334 1826 1408 mulctati
1884 1362 1966 1407 eo
2018 1333 2168 1426 ipso
2230 1342 2374 1419 die,
2443 1343 2576 1426 qud

493 1447 823 1519 Ravenna
878 1448 1040 1518 urbe
1100 1448 1420 1520 decedere
1478 1453 1918 1538 cogebantur,-
1974 1444 2365 1519 delationem
2406 1443 2599 1516 Boe--

492 1564 629 1631 thio
669 1564 1172 1632 facessiverunt.
1257 1563 1513 1630 Etenim
1580 1583 1655 1630 se
1696 1558 2061 1630 libertatem
2103 1562 2572 1641 Romanorum,

491 1695 685 1761 quam
748 1668 855 1744 his
894 1661 1343 1744 Theodericus
1399 1669 1771 1760 eripuerat,
1838 1676 2200 1754 restitutam
2255 1671 2358 1741 ac*
2382 1686 2572 1740 sena-

485 1798 621 1852 tum
664 1785 924 1852 salvum
965 1779 1262 1852 voluisse
1300 1786 1450 1871 ipse
1492 1776 1845 1852 affirmavit
1870 1790 2004 1866 1⁹),
2046 1779 2166 1852 sed
2207 1798 2363 1852 num
2403 1785 2572 1852 litte-

485 1918 599 1963 ras
641 1895 795 1963 illas
839 1892 1454 1981 Constantinopolin
1499 1893 1782 1980 miserit,
1830 1891 2205 1982 quaeritur,-
2247 1909 2401 1961 nam
2442 1893 2571 1962 has·

483 2010 569 2073 ab
612 2003 1112 2073 accusatoribus
1158 2006 1501 2073 confectas
1557 2012 1623 2072 et
1680 1998 1824 2094 regi
1883 2005 2162 2072 traditas
2215 2003 2381 2092 ipsis
2422 2019 2569 2072 ver-

482 2118 584 2184 bis
628 2118 936 2200 dicit20).
1026 2116 1475 2184 Theodericus
1519 2129 1735 2183 tamen
1777 2113 1958 2183 illam
2004 2109 2392 2185 delationem
2421 2132 2570 2183 sus-

481 2229 657 2318 cepit
698 2246 784 2294 ac
828 2245 915 2296 ne
959 2222 1412 2315 quaestionem
1461 2222 1721 2314 quidem
1776 2223 1844 2295 in
1886 2240 2272 2296 accusatum
2315 2229 2566 2312 habuit,

476 2341 597 2405 sed
640 2354 786 2405 eum
828 2355 1042 2422 aeque
1099 2361 1184 2405 ac
1227 2339 1724 2418 Symmachum,-
1781 2355 1973 2421 quem
2029 2333 2207 2408 illius
2248 2339 2572 2408 facinoris

476 2455 845 2533 compotem
903 2443 1012 2513 ist-i
1072 2445 1623 2533 calumpniatores
1681 2446 2168 2531 indicaverant,
2224 2439 2436 2514 Ticini
2495 2451 2563 2515 in

474 2577 809 2625 carcerem
857 2553 1092 2625 coniici
1135 2557 1363 2638 iussit,
1424 2559 1537 2626 ubi
1582 2557 1901 2624 Boethius
1956 2559 2084 2627 hos
2138 2551 2224 2626 de
2265 2565 2566 2628 consola⁴

473 2670 647 2737 tione
699 2662 1159 2758 Philosophiae
1214 2668 1422 2737 libros
1484 2671 1850 2756 composuit
1877 2669 2004 2756 2ῑὶ).
2091 2672 2295 2739 Bonis
2338 2684 2563 2740 eorum

605 2884 694 2950 18)
734 2875 812 2938 cf.
852 2873 894 2948 1,
928 2881 976 2940 4.
1014 2902 1065 2955 p.
1102 2881 1158 2950 9,
1196 2888 1276 2942 ιε.
1311 2884 1382 2939 ab.
1423 2875 1622 2938 Adnot.
1837 2873 1926 2950 19)
1962 2874 2041 2952 ib.
2080 2899 2133 2955 p.
2170 2878 2236 2953 9,
2270 2887 2340 2939 24
2374 2890 2492 2954 sqq.

604 2978 694 3045 ΞΟ)
731 2976 806 3032 lb.
848 2997 901 3049 p.
941 2984 1024 3045 10,
1061 2981 1144 3034 18.
1181 3006 1248 3018 -
1315 2975 1607 3033 Boethium
1657 2977 1810 3032 istam
1861 2977 1929 3031 ad
1981 2977 2233 3034 lustinum
2280 2978 2561 3051 epistolant

465 3066 634 3141 ipsum
683 3070 893 3125 dedisse
943 3071 1268 3125 contendunt
1315 3069 1642 3141 Anonymus
1690 3070 2041 3127 mellicensis
2092 3072 2152 3143 (l.
2203 3072 2238 3127 1.
2283 3066 2398 3137 ,B'.
2447 3090 2557 3128 cos.

467 3164 706 3219 Graecis
737 3157 894 3219 clam
926 3156 1157 3219 litteras
1190 3168 1345 3219 misit
1381 3165 1531 3233 etci‘)
1580 3175 1635 3219 et
1660 3166 1798 3220 illius
1831 3167 1972 3220 vitae
2005 3175 2211 3234 auctor,
2245 3178 2404 3238 quam
2437 3162 2559 3222 Ma-

459 3258 642 3313 billon'.
679 3248 852 3326 (Mus.
891 3250 999 3312 ital.-
1046 3257 1107 3312 T.
1157 3252 1201 3312 l.-
1244 3277 1297 3330 p.
1339 3263 1459 3315 221.
1528 3256 1773 3331 Freyt'ag.
1820 3267 1965 3314 vers.
2018 3270 2183 3331 germ.
2226 3271 2281 3333 p'.
2338 3262 2453 3333 15.)
2502 3261 2557 3319 in

458 3351 578 3406 cod.
633 3347 1043 3418 ,Laurentianae
1084 3352 1226 3422 apud
1272 3341 1596 3407 Florentiam
1640 3346 1995 3408 bibliothecae
2032 3352 2272 3421 invenit‘,
2315 3356 2370 3410 et'
2396 3368 2555 3426 quam

457 3443 638 3501 e‘cod.
672 3439 923 3500 Gothano
962 3444 1002 3500 1.
1038 3455 1242 3500 auctam
1270 3446 1324 3500 in
1352 3446 1496 3500 calce
1525 3446 1578 3502 h.
1610 3460 1657 3501 c.
1685 3446 1961 3503 addidi.—-
2006 3435 2207 3504 Boeth.
2239 3450 2365 3504 artis
2395 3451 2558 3521 magi·

457 3556 555 3595 cae
603 3549 902 3595 accusatum
948 3551 1072 3594 esse
1117 3556 1303 3593 verum
1345 3556 1457 3593 non
1500 3546 1602 3606 est,
1640 3540 1731 3594 vd.
1765 3541 1966 3595 Adnot.
2002 3540 2074 3598 ad
2107 3539 2149 3608 1,-
2181 3546 2233 3599 4.
2270 3541 2353 3614 (p.
2388 3540 2554 3611 1270,

453 3648 611 3703 quem
655 3632 830 3689 locum
874 3628 977 3686 iam
1020 3626 1094 3686 de
1128 3630 1189 3687 [a
1220 3630 1509 3686 Bouhier-e
1549 3632 1664 3704 (vd.
1706 3632 1873 3704 Cally.
1903 3635 1999 3701 ib.)
2046 3635 2116 3690 de
2149 3627 2388 3690 facinore
2421 3654 2553 3708 quo->

451 3727 571 3781 dam
604 3728 997 3799 interpretatur,
1027 3736 1134 3797 quo
1164 3734 1473 3798 perpetrato
1503 3741 1565 3781 se
1593 3727 1821 3782 maiores
1843 3717 2082 3783 honores
2101 3729 2356 3800 consequi
2387 3742 2555 3801 posse·

448 3818 522 3875 B.
564 3822 782 3892 putavit.
812 3846 880 3862 -ε
948 3818 1132 3893 Inepta
1177 3826 1261 3877 est
1297 3820 1586 3892 Anonymi
1633 3810 1926 3876 Valesiani
1971 3821 2054 3892 (p.
2098 3824 2251 3893 561.)
2296 3824 2552 3888 narratio,

447 3916 538 3987 qui
577 3912 803 3981 Boeth.,
847 3915 991 3984 quod
1019 3914 1266 3969 Albinum
1310 3923 1500 3969 contra
1548 3910 1794 3984 Cypriani
1838 3912 2159 3971 delationem
2204 3905 2551 3980 defendisset,-

445 4006 499 4063 in
551 4007 759 4063 vincula
807 4007 1102 4061 coniectum
1147 4016 1201 4062 et
1247 4004 1303 4062 in
1352 4024 1485 4078 agro
1534 4005 1878 4061 calventiano
1924 4008 2157 4083 occisum
2201 4016 2323 4062 ease
2375 4009 2548 4064 tradit.

448 4100 578 4160 Quo
620 4103 744 4155 loco
791 4099 932 4154 idem
980 4099 1209 4171 scriptor
1256 4100 1325 4154 de
1367 4090 1758 4154 necessitudine
1800 4097 1938 4153 inter
1975 4092 2227 4155 loannem
2270 4118 2465 4174 papam
2495 4104 2551 4158 et

441 4184 646 4250 Boetb.
689 4203 830 4266 agat,
876 4194 967 4248 vd.
1019 4190 1188 4247 Baur.
1236 4180 1293 4264 ps
1340 4197 1423 4250 13.
1468 4191 1539 4248 N.
1589 4198 1693 4254 14„
1744 4187 2025 4263 mevfugit.
2059 4214 2131 4231 ³-

575 4288 669 4355 21)
705 4288 748 4356 1,
777 4285 827 4343 3.
860 4306 916 4360 p.
955 4292 1008 4351 5,
1045 4291 1079 4345 5
1125 4305 1241 4357 sqq.
1272 4344 1275 4347 ,
1312 4278 1380 4352 n,
1410 4285 1460 4344 4.
1494 4298 1547 4360 p.
1583 4291 1672 4355 27,
1704 4290 1788 4343 20.
1856 4283 2108 4339 Mortuus
2141 4296 2223 4340 est
2254 4284 2455 4342 Boeth.
2491 4306 2542 4344 a.

437 4386 541 4441 525
572 4378 749 4454 (524).
788 4382 878 4437 vd.
950 4380 1187 4452 Procop.
1222 4379 1311 4448 111,
1339 4386 1423 4440 20.
1491 4379 1653 4436 Marii
1708 4380 1892 4435 chron.
1925 4379 1993 4433 ad
2021 4397 2073 4434 a.
2102 4384 2222 4438 524.
2266 4379 2369 4450 (,in
2398 4384 2543 4436 terri-

435 4478 576 4533 torio
612 4473 1059 4547 Mediolanensi‘)
1125 4472 1360 4530 Tritenh.
1405 4468 1444 4530 1'.
1495 4468 1530 4530 l.
1580 4473 1927 4533 Heudreich.
1958 4472 2214 4533 Pandect.
2262 4464 2548 4532 Brandem
