2867 5125
480 375 573 463 72
1220 373 1600 437 lanan
1685 370 1794 437 lv.
2266 331 2448 422 W

476 542 951 618 sceleratorum
1092 542 1281 608 dibus
1334 542 1631 609 subiecta
1670 538 1998 620 calcatur,
2040 553 2108 606 et
2145 541 2212 606 iu
2257 540 2363 609 loc
2447 544 2547 610 fa-

485 632 776 696 einorum
831 651 1000 715 supp
1027 631 1154 695 ieia
1210 628 1344 694 luit.
1426 629 1637 708 ,Quae
1697 626 1838 692 fieri
1889 628 1954 693 in
2013 647 2218 711 regno
2277 631 2545 696 scientis

483 717 724 799 omnia,
786 717 1065 801 potentis
1106 714 1366 794 omnia,
1406 715 1524 778 sed
1569 716 1745 778 bona
1783 716 2224 780 tantummodo
2267 715 2547 781 volentis

484 804 611 884 dei,
652 824 841 867 nemo
889 806 1054 868 satis
1095 811 1314 886 potest
1353 820 1478 866 neo
1519 800 1822 864 admirari
1880 821 2006 865 nee
2043 803 2372 885 conqueri.
2432 803 2560 868 *R

406 889 452 954 5
492 888 655 953 Tum
698 887 837 967 illa,
877 889 958 953 Et
996 898 1195 965 esset,
1235 888 1461 990 inquit,
1531 884 1753 951 infiniti
1796 888 2084 970 stuporis
2123 889 2546 974 omnibusque

484 973 857 1040 horribilius
899 976 1227 1051 monstris,
1276 995 1357 1049 st,
1399 973 1491 1038 uti
1533 983 1601 1038 tu
1653 971 1987 1050 aestima&
2052 974 2119 1038 in
2161 976 2320 1038 tanti
2366 974 2544 1041 velut

484 1059 974 1145 patrisfamilias
1036 1059 1532 1144 dispositissima
1587 1058 1778 1128 ‹lomo
1833 1056 1992 1124 vilia
2046 1079 2213 1124 vasa
2253 1060 2540 1126 coleren-

486 1158 611 1225 tur,
670 1148 962 1231 pretiosa
1017 1148 1508 1212 sordescerentz
1569 1145 1689 1210 sed
1743 1165 1873 1210 non
1931 1146 2021 1210 ita
2077 1157 2198 1210 est.
2282 1147 2444 1212 Nam
2485 1148 2550 1211 si

487 1252 595 1311 ea,
637 1253 806 1317 quae
848 1230 1070 1316 paullo
1111 1243 1263 1306 ante
1306 1229 1621 1297 conclusa
1662 1239 1835 1309 sunt,
1865 1230 2246 1297 inconvulsa
2283 1254 2549 1299 servan-

354 1322 440 1388 lo
497 1330 623 1397 tur,
666 1320 853 1402 ipso,
896 1317 979 1382 de
1019 1319 1204 1382 euius
1246 1339 1419 1384 nune
1462 1337 1666 1400 regno
1723 1314 2093 1401 loquimur,
2126 1334 2393 1384 auctore
2436 1342 2550 1386 eo·-

495 1422 783 1487 gnosees
814 1424 1075 1487 semper
1102 1405 1357 1489 quidem
1387 1413 1688 1487 potentes
1715 1422 1865 1467 esse
1896 1404 2128 1478 bonos,
2158 1405 2363 1471 malos
2392 1427 2556 1471 vero

493 1490 790 1555 abiectos
847 1510 1108 1573 semper
1169 1501 1367 1574 atque
1424 1486 1786 1567 inbecilles,
1844 1509 1967 1553 neo
2005 1489 2148 1553 sine
2187 1513 2397 1576 poena
2436 1515 2555 1557 un·-
2597 1561 2604 1566 ,

492 1594 686 1659 quam
730 1595 880 1641 esse
921 1575 1077 1640 vitia
1118 1596 1244 1650 neo
1285 1576 1428 1639 sine
1495 1576 1784 1659 praemio
1827 1575 2139 1641 virtutes:
2183 1577 2375 1642 bonis
2414 1578 2556 1643 feli-

493 1661 622 1739 cia,
665 1660 852 1727 malis
914 1681 1175 1763 semper
1204 1660 1624 1728 infortunata
1683 1661 2077 1744 contingere,
2118 1662 2572 1758 multaun

356 1742 443 1810 15
500 1765 709 1829 genus
767 1767 936 1832 quae
997 1748 1230 1831 sopitis
1285 1745 1571 1832 querelis
1630 1744 1813 1811 firma
1854 1755 1922 1812 te
1961 1746 2283 1814 soliditate
2325 1772 2559 1816 conro-

489 1826 741 1898 borent.
817 1833 900 1898 Et
943 1833 1243 1918 quoniam
1288 1853 1487 1898 verae
1530 1832 1804 1898 formam
1849 1831 2254 1900 beatitudinis
2297 1858 2397 1901 me
2440 1837 2558 1901 du-

492 1919 645 1984 dum
705 1930 1121 1986 monstrante:
1166 1919 1423 1995 vidisti,
1486 1939 1617 2004 quo
1681 1918 1873 1983 etiam
1915 1920 2044 1983 sita
2081 1921 2169 1985 sit
2207 1924 2561 2005 agnovisti,

492 2004 789 2071 decursis
820 2005 1119 2071 omnibus
1152 2026 1322 2090 quae
1356 2005 1866 2089 praetermittere
1895 2007 2334 2073 necessarium
2376 2022 2562 2093 puto,

492 2092 668 2158 viam
709 2094 847 2171 tibi,
894 2113 1063 2178 quae
1106 2103 1170 2157 te
1213 2093 1472 2157 domum
1516 2089 1807 2167 revehat,
1849 2093 2207 2158 ostendam.
2298 2094 2563 2159 Pennas

353 2180 442 2247 20
499 2179 692 2244 etiam
736 2189 886 2244 tuae
930 2179 1147 2257 menti,
1193 2177 1426 2263 quibus
1468 2197 1542 2241 se
1585 2177 1651 2241 in
1694 2174 1894 2242 altum
1925 2176 2154 2243 tollere
2183 2182 2413 2263 possit,
2441 2182 2568 2245 ad·-

220 2537 380 2771 <s

494 2262 716 2348 figam,
756 2275 830 2330 ut
870 2265 1355 2348 perturbatione
1397 2260 1671 2346 depulsa
1712 2283 1948 2346 sospes
1991 2264 2055 2328 in
2073 2266 2372 2355 “patriam
2412 2287 2574 2335 meo

423 2387 429 2393 -
492 2350 715 2429 ductu,
759 2371 908 2415 mea
948 2349 1201 2422 semita,
1245 2349 1411 2417 meis
1453 2349 1649 2414 etiam
1689 2333 2007 2415 vehiculis
2048 2353 2417 2418 revertaris.

411 2898 458 2965 5

660 2565 710 2624 1.
798 2565 956 2624 Sunt
1000 2568 1219 2625 etenim
1263 2585 1501 2643 pennae
1543 2565 1819 2625 volucres
1862 2567 2024 2642 mihi,

746 2651 916 2725 Quae
962 2651 1130 2711 celsa
1175 2651 1591 2711 conscendant
1634 2653 1795 2728 poli:

666 2737 832 2811 Quas
878 2737 990 2795 sibi
1035 2755 1174 2796 cum
1215 2738 1388 2798 velox
1429 2756 1600 2797 mens
1644 2736 1859 2811 induit,

716 2821 969 2881 ·Terras
1012 2841 1236 2899 perosa
1277 2824 1400 2883 ’des
1449 2825 1571 2895 icit,

667 2905 841 2966 Aeris
884 2902 1140 2969 inmensi
1186 2892 1407 2987 suffera
1444 2896 1746 2987 '‘fg'lobum,

749 2991 1074 3072 Nubesque
1117 2999 1261 3072 post
1302 2998 1542 3072 tergum
1584 2993 1767 3052 videt.

668 3079 906 3154 Quique
951 3081 1089 3161 agili
1138 3084 1306 3140 motu
1351 3079 1513 3138 calet
1556 3078 1837 3152 aetheris,

726 3165 1158 3226 Transcendit
1199 3167 1355 3246 ignis
1397 3167 1705 3237 verticem,
1999 3196 2015 3249 Ι

536 3280 547 3287 -
667 3248 881 3310 Donec
925 3255 989 3312 in
1032 3252 1345 3312 astriferas
1392 3254 1606 3331 surgat
1660 3235 1870 3310 dom'o's

633 3436 684 3485 1.
748 3431 803 3484 ῑιι
843 3430 1011 3498 1000]
1063 3430 1279 3504 Amr]
1316 3412 1477 3489 ,e'BR
1491 3431 1767 3505 πεῖρε...
1816 3431 1871 3483 in
1903 3429 2077 3484 locum
2113 3428 2207 3484 tB
2305 3425 2582 3484 nnete.

500 3494 770 3553 X.etc.-
803 3504 853 3556 4.
889 3501 972 3554 dei
1008 3501 1288 3555 om.A.—
1323 3507 1374 3557 5.
1420 3502 1510 3555 illa
1544 3516 1653 3554 om.
1685 3499 1762 3552 D.
1798 3506 1851 3551 et
1885 3515 1995 3551 om.
2029 3498 2094 3553 A.
2147 3508 2229 3552 est
2284 3516 2368 3567 nq.
2400 3496 2475 3551 D.
2498 3527 2583 3537 -—-

498 3570 550 3621 6.
586 3567 801 3623 atinias
834 3567 1444 3692 ABszqffinKLNQ
1455 3567 1535 3622 Va
1567 3566 1735 3637 Wolf.
1782 3566 2000 3621 extima·
2031 3585 2064 3621 e
2100 3568 2245 3621 exist.
2284 3569 2388 3630 [im
2400 3568 2450 3629 ἓ]
2486 3564 2578 3619 Χ.

498 3639 686 3688 etc.—
741 3641 796 3692 9.
829 3648 950 3692 sunt
992 3655 1103 3691 υηι.
1183 3667 1280 3689 .--
1330 3645 1411 3694 10.
1459 3653 1597 3691 nunc
1641 3634 1835 3689 ont-A.
1883 3635 1988 3688 deo
2023 3644 2161 3689 auct.
2192 3633 2246 3688 B
2294 3644 2430 3687 anet.
2464 3634 2581 3687 deo

501 3704 656 3756 οι-
706 3711 787 3759 11.
835 3702 1174 3773 (Ῑιιῑᾶὲηιζ...
1207 3723 1417 3776 semper
1458 3723 1567 3760 om.
1599 3703 1709 3758 113.
1759 3721 1880 3757 esse
1921 3703 2134 3768 bonos]
2182 3700 2583 3773 Aesszqmcoe

446 3827 457 3834 ,
502 3771 677 3826 bonos
705 3788 827 3825 esne
862 3784 972 3843 pot.
990 3792 1039 3848 p
1085 3774 1259 3829 bonos
1298 3791 1453 3838 esse,
1489 3772 1608 3826 mal.
1647 3771 1763 3827 cet.
1783 3771 1860 3829 Χ.
1878 3777 2068 3826 etc.-
2103 3775 2181 3827 12.
2219 3786 2428 3840 semper
2456 3786 2579 3823 om.

444 3871 459 3892 .
499 3836 667 3893 Rtth.
688 3866 752 3879 —
790 3843 871 3895 18.
911 3856 1032 3895 esne
1066 3844 1185 3897 virt.
1216 3841 1286 3895 B.
1309 3854 1371 3883 -·
1423 3844 1504 3897 15.
1539 3857 1658 3911 geu.
1678 3878 1722 3894 ..
1743 3879 1757 3894 .
1790 3857 1935 3894 conr.
1968 3856 2079 3893 om.
2100 3838 2169 3893 Z.
2253 3854 2380 3892 enus
2408 3836 2582 3891 habe·

499 3922 614 3961 rem
662 3921 800 3975 quae
827 3905 904 3960 D.
972 3912 1387 3965 conroborarent
1431 3906 1509 3963 D.
1528 3937 1590 3949 —
1662 3913 1739 3964 16.
1790 3924 1970 3963 veram
2014 3908 2206 3962 beatitu
2245 3908 2382 3960 inem
2414 3904 2481 3958 B.
2501 3935 2583 3946 --

618 3976 1328 4118 zm...
1344 3974 2116 4101 2..fo
2132 3972 2582 4114 ω...

500 4050 626 4166 &elli
656 4118 710 4165 et
750 4110 1019 4168 volucrem
1067 4131 1309 4180 mrsum,
1345 4113 1587 4173 stabilem
1631 4121 1778 4182 regat
1822 4121 1907 4166 ost
2013 4151 2028 4166 .
2057 4128 2218 4167 m.—
2249 4116 2336 4169 m·
2380 4118 2586 4181 pouut

503 4177 617 4233 13.
638 4207 699 4220 --
732 4183 820 4239 22.
854 4179 1125 4237 reveharis
1157 4181 1274 4238 BR
1286 4182 1383 4238 Va.
1413 4181 1698 4236 revertaris
1732 4179 1849 4235 Cet.
1867 4197 2074 4237 omues.
2090 4208 2160 4220 --
2484 4184 2490 4197 ⁴

640 4280 681 4337 Ι.
749 4288 800 4340 1.
895 4296 1057 4337 ennae
1090 4291 1228 4338 eten.
1259 4282 1321 4338 D
1373 4284 1511 4339 enim
1539 4281 1648 4354 fX.
1665 4279 1850 4353 Helft.
1906 4282 2093 4337 etenim
2134 4280 2250 4337 cet.
2280 4297 2582 4336 onmes.—

501 4349 555 4407 2.
590 4365 826 4406 couseeu
864 4361 955 4407 unt
999 4350 1096 4413 νβ.
1112 4349 1441 4424 βἨεἱηι.Β.
1464 4380 1525 4395 -
1574 4356 1624 4408 6.
1670 4359 1969 4422 postergum
2012 4349 2162 4405 B.—
