2867 5125
894 472 1489 539 ‚Inna-av.
2147 471 2274 538 109

591 648 803 726 Longo
849 619 1067 728 caussa
1098 647 1429 723 potentior,

600 736 796 809 Quam
846 752 1003 807 quae
1045 733 1338 792 materiae
1395 730 1578 790 modo

591 819 913 894 Inpressas
960 820 1195 894 patitur
1256 819 1454 876 notas.

591 904 918 964 Praecedit
980 907 1186 964 tamen
1233 903 1499 961 excitans
1536 953 1541 960 .

593 991 685 1048 Ac
729 990 887 1047 vires
936 990 1116 1048 animi
1162 1006 1410 1047 movens

596 1075 743 1132 Vivo
786 1075 850 1131 in
895 1092 1155 1150 corpore
1200 1074 1427 1152 passio,

596 1159 751 1217 Cum
792 1160 889 1217 vel
932 1159 1035 1217 lux
1082 1151 1296 1217 oc‘ulos
1343 1155 1487 1215 ferit

597 1245 708 1302 Vel
748 1262 861 1302 vox
905 1245 1152 1303 auribus
1197 1244 1517 1317 instrepit:

594 1330 753 1408 Tum
796 1331 1016 1388 mentis
1059 1332 1231 1407 vigor
1277 1330 1542 1398 excitus,

596 1416 761 1489 Quas
808 1417 971 1474 intus
1015 1416 1252 1490 species
1296 1417 1489 1485 tenet,

595 1499 694 1558 Ad
737 1503 938 1560 motus
1001 1501 1227 1558 similes
1270 1516 1500 1557 vocans

595 1584 770 1643 Notis
832 1585 1101 1661 adplicat
1147 1585 1368 1644 exteris

597 1669 1065 1745 Introrsumque
1111 1670 1449 1728 reconditis

592 1755 829 1814 Formis
891 1758 1109 1816 miscet
1166 1755 1482 1834 imagines.

538 1843 737 1872 ,....-......

270 1981 279 1992 ’
351 1968 436 2033 V.
511 1968 705 2043 Quod
750 1971 807 2034 si
848 1971 914 2035 in
960 1969 1351 2054 corporibus
1393 1968 1776 2049 sentiendiS,
1823 1970 2121 2056 quamvis
2162 1971 2276 2035 ad·

178 2055 406 2121 {iciant
447 2056 875 2121 instrumenta
921 2077 1230 2120 sensuum
1284 2053 1653 2118 forinsecus
1712 2055 2009 2120 obiectae
2069 2055 2277 2140 quali-

178 2152 350 2206 tates
406 2142 734 2225 animique
792 2142 1051 2224 agentis
1111 2144 1406 2223 vigorem
1465 2140 1689 2224 passio
1750 2141 2050 2224 corporis
2094 2151 2273 2204 ante·

179 2228 412 2306 cedat,
477 2247 646 2311 quae
701 2227 765 2291 in
827 2248 902 2291 se
959 2237 1179 2291 actum
1238 2224 1475 2289 mentis
1533 2235 1852 2309 provocet
1911 2226 2276 2310 excitetque

177 2313 437 2376 interim
497 2313 908 2398 quiescentes
964 2313 1358 2376 intrinsecus
1415 2309 1702 2375 formas:
1763 2311 1822 2375 si
1878 2311 1944 2375 in
1990 2314 2267 2375 sentien-

180 2398 323 2476 dis,
366 2398 669 2481 inquam,
731 2398 1120 2483 corporibus
1167 2398 1421 2461 animus
1467 2418 1596 2460 non
1648 2397 1955 2480 passione
1997 2396 2268 2488 insigni-

177 2493 306 2566 tur,
344 2483 464 2547 sed
504 2503 588 2546 ex
623 2505 743 2549 sua
772 2486 839 2548 vi
883 2483 1243 2549 subiectam
1290 2482 1554 2567 corpori
1595 2482 1843 2547 iudicat
1876 2484 2277 2567 passionem,

180 2580 429 2655 quanto
497 2571 710 2654 magis
755 2583 837 2635 ea
881 2589 1052 2655 quae
1094 2569 1352 2634 cunctis
1405 2589 1754 2653 corporum
1798 2569 2279 2634 adfectionibus

175 2653 487 2720 absoluta
535 2666 707 2734 sunt,
783 2657 848 2719 in
898 2654 1331 2720 discernendo
1384 2675 1515 2718 non
1563 2656 1822 2720 obiecta
1867 2656 2280 2721 extrinsecus

177 2751 578 2826 sequuntur,
642 2741 761 2806 sed
821 2753 1038 2805 actum
1101 2760 1266 2804 suae
1329 2741 1565 2804 mentis
1630 2740 2034 2826 expediunt?
2129 2742 2276 2807 Hac

176 2827 403 2912 itaque
449 2828 704 2891 ratione
747 2824 1142 2910 multiplices
1187 2826 1596 2908 cognitiones
1641 2827 1921 2891 diversis
1963 2846 2047 2893 ac
2094 2827 2275 2892 diffe-

177 2913 801 3001 rentibus—§cessere
843 2911 1247 2975 substantiis·
1336 2911 1590 2976 Sensus
1650 2912 1820 2975 enim
1881 2911 2068 2977 solus
2125 2933 2278 2977 cun·

179 2998 306 3062 ctis
350 2995 501 3061 aliis
550 2997 1051 3081 ‘cognitionibus
1112 2996 1456 3061 destitutus
1515 2997 1930 3062 inmobilibus
1989 2998 2281 3062 animan·

178 3083 358 3148 tibus
404 3085 644 3164 cessit,
704 3082 934 3167 quales
981 3093 1130 3146 sunt
1176 3080 1473 3145 conchae
1533 3084 1733 3146 maris
1769 3089 2091 3167 ‘quaeque
2147 3082 2282 3147 alia

178 3169 370 3233 saxis
427 3168 767 3233 haerentia
810 3170 1214 3232 nutriuntur:
1283 3167 1664 3253 imaginatio
1726 3188 1878 3231 vero
1925 3166 2275 3233 mobilibus

178 3253 431 3331 beluiS,
495 3255 729 3340 quibus
770 3254 901 3318 iam
958 3256 1179 3317 inesse
1221 3250 1512 3334 fugiendi
1563 3253 2000 3337 adpetendive
2043 3252 2280 3337 aliquis

178 3340 441 3418 videtur
492 3340 812 3404 adfectus,
898 3339 1098 3404 Ratio
1154 3351 1314 3402 vero
1377 3334 1643 3403 humani
1703 3349 1951 3402 tanturn
2017 3341 2283 3422 generis

180 3435 307 3506 est,
347 3425 540 3489 sicuti
584 3423 1029 3507 intellegentia
1085 3422 1236 3488 sola
1280 3423 1520 3487 divini:
1581 3445 1709 3508 quo
1759 3423 1866 3501 fit,
1927 3434 1996 3489 ut
2039 3445 2120 3489 ea
2163 3447 2279 3490 no·

179 3510 325 3574 titia
391 3511 631 3575 ceteris
692 3521 1005 3594 praestet,
1072 3528 1242 3594 quae
1308 3520 1545 3592 suapte
1607 3520 1842 3577 natura
1905 3530 2036 3575 non
2079 3511 2277 3577 modo

2329 1774 2415 1838 40

2326 2323 2369 2387 εἰ

2335 2755 2417 2818 10

2305 3167 2418 3234 ’Ῑῦ

137 3598 554 3697 ,Ριρῃῖἰ-ι-ἮΙ,
612 3598 732 3662 sed
793 3607 1158 3660 ceterarum
1219 3614 1478 3678 quoque
1541 3595 1912 3658 notitiarum
1974 3596 2272 3663 subiecta
2312 3599 2400 3664 2⁰

184 3692 550 3764 cognoscit.
639 3681 811 3755 Quid
855 3682 1088 3764 igitur,
1141 3681 1200 3744 si
1241 3679 1723 3743 ratiocinationi
1769 3700 2004 3744 sensus
2051 3683 2275 3765 imagi-

137 3826 145 3834 .
177 3766 488 3851 natioque
527 3765 962 3850 refragentur,
1008 3765 1167 3829 nihil
1211 3785 1364 3829 esse
1407 3763 1568 3828 illud
1626 3764 1998 3831 universale
2025 3764 2030 3767 ⁷
2059 3768 2277 3832 dicen-

175 3862 322 3932 tes,
383 3853 559 3938 quod
615 3873 767 3918 sese
808 3853 1044 3917 intueri
1103 3850 1272 3916 ratio
1332 3849 1567 3934 putet?
1627 3852 1801 3935 quod
1846 3852 2017 3917 enim
2061 3855 2276 3919 sensi-

318 4042 403 4094 28.
434 4039 651 4092 materia
685 4032 876 4107 Helfr.
905 4067 975 4077 --
1021 4038 1108 4092 39.
1139 4034 1427 4091 introrsum
1457 4050 1569 4091 rec.
1600 4031 1678 4087 D.
1732 4034 1959 4089 conditis
1984 4036 2054 4091 A.
2080 4067 2142 4078 -·

322 4138 391 4193 V.
466 4147 512 4195 1.
562 4147 696 4193 sent.
748 4154 897 4209 corp.
930 4137 1084 4191 Α.-
1133 4141 1183 4191 7.
1220 4143 1274 4189 et
1317 4152 1414 4188 sua
1446 4133 1557 4187 1B.
1609 4135 1899 4190 subiectum
1933 4153 2082 4207 corp.
2122 4138 2180 4191 0.
2212 4168 2282 4179 —-

140 4232 151 4240 ·
185 4209 241 4260 8.
273 4208 585 4277 corporibus
630 4206 823 4260 adfect.
858 4205 908 4259 A
961 4220 1190 4274 corpora
1233 4201 1373 4256 0.-
1431 4210 1511 4258 11.
1546 4204 1699 4272 igitur
1740 4203 1897 4256 12-
1952 4212 2032 4261 12.
2082 4208 2282 4261 cunctis

185 4272 335 4326 solus
368 4274 434 4326 A.
457 4304 516 4315 -—
556 4281 637 4331 14.
671 4284 849 4329 cesset
894 4273 994 4345 esp
1011 4272 1106 4326 Va.
1128 4302 1189 4311 -
1230 4276 1310 4327 17.
1350 4269 1566 4324 effectus
1599 4270 1655 4323 B
1689 4282 1938 4342 aspectus
1972 4272 2030 4326 G.
2081 4282 2280 4330 tantum

179 4341 428 4395 om.1B.
483 4352 568 4396 est
602 4359 722 4413 gen.
756 4342 825 4394 A.
856 4371 923 4381 -
979 4347 1058 4398 18.
1105 4339 1265 4392 divini
1308 4339 1424 4391 sola
1475 4337 1534 4393 0.
1572 4366 1634 4379 —-
1683 4344 1770 4398 21.
1822 4341 2282 4412 imaginationiqne

178 4404 448 4476 Helfr.-
503 4416 589 4470 23.
624 4419 721 4465 rat.
758 4418 867 4480 put.
914 4427 1037 4465 esse
1085 4408 1272 4463 intueri
1304 4406 1508 4460 1Α.----ἶ
2223 4423 2232 4433 ‘
