2867 5125
892 433 1612 504 tantumn.
2177 438 2297 504 141

205 610 345 671 dem
404 609 539 668 auri
584 607 761 667 donis
822 608 1132 684 corrumpi
1189 612 1471 686 poterat,
1525 608 1609 672 L.
1668 610 1963 688 Brutum,
1995 612 2100 688 qui
2145 610 2300 673 Tar-

205 714 416 790 quinio
477 710 660 788 pulso
722 706 1018 767 Romanis
1080 709 1426 769 libertatem
1486 708 1754 768 reddidit
1810 710 1980 784 (nou
2038 715 2301 775 Brutum

204 815 488 875 Caesaris
540 809 1090 885 interfectorem),
1151 814 1214 871 et
1270 812 1565 873 Catonem
1622 814 1978 874 Uticensem
2038 815 2301 890 (Censo-

204 919 365 976 rium
412 933 536 974 non
583 931 722 973 esse
781 911 1264 991 intellegendum
1320 914 1515 991 rigidi
1570 913 1759 989 epith.
1807 913 2010 989 docet,
2055 916 2122 974 cf
2181 916 2300 975 Lu-

204 1035 340 1075 can.
382 1011 485 1087 H,
532 1012 675 1087 389.
752 1015 980 1075 Obbar.
1027 1014 1106 1073 ad
1149 1014 1300 1072 Hor.
1347 1014 1466 1090 Ep.
1506 1010 1561 1087 Ι,
1610 1015 1666 1088 1,
1716 1013 1814 1074 16.
1859 1036 1922 1093 Ρ.
1968 1015 2141 1094 42.),
2198 1022 2301 1094 qui

201 1116 445 1193 republ.
491 1116 736 1192 perdita
796 1135 863 1176 se
906 1117 1041 1193 ipse
1083 1115 1407 1174 interemit.
1494 1116 1588 1177 De
1630 1117 1845 1179 iisdem
1886 1120 2029 1177 viris
2075 1121 2305 1199 cogitat

203 1219 387 1276 etiam
432 1217 617 1275 Notk.
662 1250 772 1293 --,
803 1237 860 1278 v.
914 1218 1012 1280 15.
1056 1213 1332 1294 manent]
1377 1216 1643 1276 Planud.
1690 1223 1816 1276 Ποῦ
1863 1222 1969 1276 νῦν
2015 1218 2123 1291 γὰρ
2168 1218 2306 1277 ὀστᾶ

206 1322 520 1390 Φαβρικίου
584 1317 770 1390 μένεις
820 1322 930 1375 ποῦ
981 1320 1228 1389 Βροῦτος
1275 1311 1315 1386 ἢ
1366 1317 1591 1391 στέρῤος
1637 1318 1841 1386 Κάτως
1900 1318 2109 1379 Lectio
2169 1323 2303 1382 vul·-

203 1424 349 1500 gata
408 1421 618 1478 iacent
678 1420 1008 1479 Murmellii
1068 1419 1140 1476 ut
1193 1415 1434 1474 videtur
1517 1419 1672 1477 coni.
1741 1421 1872 1492 est;
1933 1421 1985 1479 si
2050 1423 2304 1484 offendit

202 1523 495 1596 recepta,
538 1520 708 1599 legas
752 1523 950 1581 latent
1010 1535 1168 1595 quoe
1211 1517 1397 1575 verba
1439 1518 1600 1577 inter
1645 1539 1711 1580 se
1756 1521 1922 1599 haud
1966 1541 2107 1583 raro
2154 1544 2302 1586 con·
2405 1516 2410 1521 ’

202 1624 345 1684 fusa
394 1641 531 1682 esse
577 1626 839 1696 constat,
881 1620 982 1680 vd.
1030 1620 1180 1679 Rut.
1223 1616 1400 1677 Num.
1444 1619 1586 1678 ltin.
1631 1619 1683 1693 Ι,
1732 1619 1874 1679 528.

378 1726 530 1800 Cap.
577 1725 740 1784 vul.
788 1742 849 1799 p.
903 1719 1018 1794 39,
1066 1720 1168 1797 28.
1228 1739 1394 1779 nunc
1454 1715 1605 1796 ατη]
1676 1720 2055 1798 Quamquam
2111 1728 2304 1803 parti-

201 1829 347 1888 cula
390 1836 454 1886 et
497 1824 663 1902 apud
703 1822 924 1883 Boeth.
985 1823 1230 1897 saepius
1288 1821 1459 1879 verbi
1508 1822 1696 1879 etiam
1744 1824 2053 1884 notionem
2096 1828 2301 1895 habet,

199 1933 305 1990 hic
348 1934 554 1989 tamen
603 1924 964 1984 sententiam
1008 1921 1131 1980 loci
1170 1921 1400 1980 turbat.

375 2031 578 2091 Carm.
637 2026 821 2099 VIII,
885 2018 944 2084 9.
1007 2024 1101 2085 Et
1146 2022 1382 2101 fluctus
1444 2039 1541 2079 av.
1602 2040 1776 2081 mare
1835 2022 2051 2082 Colon.
2118 2024 2301 2086 1589.

784 2543 1726 2635 ADNOTATIONES

516 2771 671 2840 An
752 2767 1278 2840 LIBRUM
1356 2763 1998 2836 TERTIUM.

375 2938 528 3015 Cap.
571 2935 624 2998 I.
661 2940 745 2999 in.
786 2931 1060 3017 finiver.]
1105 2935 1286 2994 Hanc
1330 2934 1609 3005 formam,
1654 2931 1732 2990 de
1779 2950 1901 3008 qua
1942 2933 2039 2992 vd.
2083 2933 2306 2997 KrebS.

181 3041 529 3104 Antibarb.
583 3060 645 3116 p.
710 3040 811 3103 17.
872 3058 944 3099 ex
987 3037 1250 3111 antiquis
1312 3033 1494 3093 codd.
1554 3034 1738 3091 etiam
1780 3029 1836 3106 I,
1886 3031 1941 3091 1.
1988 3054 2051 3111 p.
2095 3035 2157 3111 3,
2208 3039 2306 3098 13.

180 3142 279 3219 ΙΙ,
333 3142 397 3202 6.
444 3161 507 3218 p.
553 3139 656 3216 33,
703 3140 742 3199 8
805 3141 1086 3209 restitui,
1157 3135 1268 3194 sed
1306 3129 1393 3207 H,
1444 3134 1501 3193 4.
1553 3136 1613 3194 5.
1659 3136 1703 3193 s.
1752 3153 1964 3194 omnes
2020 3142 2310 3214 quaesis-

178 3269 260 3308 se
301 3244 555 3321 (nullus
590 3246 978 3322 quaesivisse
1024 3240 1149 3298 sive
1184 3230 1581 3316 quaesiisse)
1615 3234 1920 3295 exhibent.
1945 3270 2031 3281 ——
2093 3259 2157 3316 p.
2205 3239 2306 3301 40.

184 3346 252 3406 4.
312 3341 568 3424 quana]
636 3341 990 3401 Secundum
1033 3341 1212 3401 codd.
1274 3338 1535 3416 vestigia
1592 3336 1854 3395 fortasse
1901 3348 2194 3414 quantum
2241 3351 2311 3401 tu

177 3470 288 3509 me
341 3447 677 3526 legendum
718 3447 933 3504 est.—
975 3444 1057 3501 ib.
1104 3439 1161 3502 6.
1206 3442 1433 3500 ictibus
1478 3458 1621 3498 esse
1664 3434 1815 3515 non]
1862 3439 2099 3516 Recepi
2143 3462 2308 3517 esse,

176 3548 372 3626 quod
418 3566 455 3604 a
498 3546 718 3605 Boeth.
780 3543 1142 3620 plerumque
1205 3543 1392 3618 temp.
1460 3538 1633 3598 finito
1696 3540 2125 3615 anteponitur,
2192 3544 2310 3602 nisi

177 3649 563 3713 coniunctio
611 3650 673 3706 et
731 3644 1051 3705 relativum
1115 3638 1265 3719 (111,
1311 3639 1370 3700 9.
1415 3659 1479 3717 Ρ.
1527 3638 1630 3715 54,
1682 3639 1779 3700 18.
1823 3660 1883 3718 Ρ.
1934 3638 2038 3714 55,
2086 3638 2144 3699 6.
2187 3639 2307 3716 Ill,

110 3767 123 3776 '
186 3753 301 3814 11.
352 3770 425 3826 p.
473 3746 578 3826 65,
623 3745 725 3807 30.
784 3747 889 3820 lv,
938 3742 996 3803 6.
1042 3764 1103 3822 p.
1151 3742 1251 3816 92,
1299 3740 1378 3801 30
1428 3737 1586 3822 etc)
1648 3744 1924 3818 sequitur
1971 3747 2156 3821 atque
2200 3747 2311 3804 ob-

175 3859 342 3916 iect.
415 3851 810 3926 postponitur
868 3842 998 3924 (11,
1044 3844 1105 3908 4.
1147 3863 1212 3921 p.
1258 3841 1362 3916 26,
1407 3843 1512 3901 22.
1555 3839 1643 3917 11,
1690 3844 1749 3904 5.
1796 3863 1859 3920 Ρ.
1906 3843 2011 3920 30,
2055 3845 2159 3907 21.
2204 3846 2308 3918 34,

179 3956 267 4016 15
324 3951 517 4026 θέα),
567 3952 678 4010 sed
720 3950 917 4009 delevi
952 3942 1039 4019 II,
1083 3944 1144 4004 4.
1189 3964 1251 4021 Ρ.
1298 3942 1400 4017 28,
1454 3942 1575 4016 15.,
1620 3944 1727 4002 ubi
1773 3945 1909 4005 cod.
1947 3950 2009 4008 A
2047 3966 2084 4007 a
2126 3948 2185 4009 2.
2229 3969 2309 4011 m.

174 4058 476 4120 exhibet.
546 4055 640 4113 cf.
686 4055 888 4114 Beier.
938 4049 1017 4109 ad
1060 4047 1186 4105 Cic.
1233 4046 1350 4104 Off.
1395 4041 1481 4117 II,
1530 4043 1632 4102 70.
2138 4107 2148 4116 ·

366 4156 528 4233 Cap.
568 4152 656 4235 II,
697 4156 784 4215 in.
830 4156 1081 4232 august.
1124 4148 1256 4207 sine
1301 4146 1487 4207 dubio
1528 4164 1678 4207 vera
1707 4147 2018 4224 scriptura
2062 4153 2176 4222 est,
2224 4150 2308 4209 cf.

164 4260 298 4326 III.
378 4278 575 4318 carm.
623 4255 682 4331 9,
731 4255 832 4315 22.
894 4254 1061 4331 Virg.
1121 4250 1351 4328 Georg.
1413 4250 1520 4322 IV,
1580 4248 1751 4323 228„
1796 4250 1991 4309 altera
2046 4252 2310 4312 scribam

162 4363 605 4440 christianum
661 4354 944 4430 redolere
1020 4353 1298 4426 videtum
1372 4350 1555 4411 Notk.
1617 4353 1796 4413 demo
1857 4349 2310 4410 che'iserl‘z‘chen
