2867 5125
554 435 683 500 140
1063 426 2106 511 Annon-Aminnea

553 625 694 668 cum
734 603 922 666 mitio
966 599 1340 664 horrendum
1381 593 1709 675 legendum
1727 634 1746 667 ,
1792 590 1966 651 Grat.
2009 589 2239 666 Cyneg.
2288 583 2437 651 259.
2504 588 2652 648 Vul-

547 713 703 788 pina
743 709 955 784 specie
999 723 1054 764 c.
1098 703 1310 763 Burm.
1344 697 1810 769 emendandum,
1866 693 1999 752 Iuv.
2044 691 2146 763 VI,
2197 686 2338 749 108.
2402 708 2654 763 semper

551 831 666 891 pro
711 830 906 885 saepe
951 828 985 868 e
1030 803 1211 864 codd.
1268 799 1693 877 reponendum
1753 800 1816 857 et
1875 796 2031 856 Stat.
2078 792 2269 854 Theb.
2317 790 2441 863 VI,
2495 790 2648 857 551.

550 916 815 976 fortasse
859 910 1025 990 agile
1070 913 1135 965 et
1188 904 1462 965 studium
1520 898 1965 962 restituendum
2027 915 2162 956 esse
2223 893 2403 952 duco.
2493 894 2649 951 Tres

550 1009 755 1077 inveni
811 1014 1019 1084 locos,
1075 1007 1183 1066 ubi
1241 1005 1444 1065 brevis
1507 1001 1744 1076 syllaba
1799 1002 1863 1059 in
1917 1001 2078 1059 thesi
2136 1001 2277 1056 ante
2324 1015 2403 1072 sp
2449 999 2515 1054 et
2556 1003 2650 1054 Str

549 1117 932 1199 producitur,
975 1111 1086 1172 sed
1128 1128 1274 1169 num
1315 1107 1501 1168 lectio
1547 1107 1715 1165 certa
1760 1104 1858 1162 sit.
1884 1102 2217 1178 quaeritur,
2262 1098 2442 1157 Mart.
2491 1097 2647 1156 enim

548 1222 620 1295 V,
666 1216 746 1278 70
805 1213 977 1296 (69),
1037 1212 1097 1272 3.
1142 1211 1406 1270 fortasse
1465 1207 1742 1267 Romam·
1798 1205 2060 1281 stringis
2115 1205 2182 1261 in
2240 1219 2356 1260 ora
2416 1195 2694 1279 (vulgo-

550 1323 842 1384 Romana
872 1358 890 1377 .
916 1359 934 1376 .
958 1356 977 1376 .
1017 1312 1162 1389 ora)
1231 1315 1296 1373 et
1358 1310 1467 1368 Sil.
1532 1302 1654 1380 111,
1724 1288 1839 1365 1ss
1870 1346 1889 1380 ,
1945 1304 2275 1382 gelido-sne
2344 1288 2645 1364 adsce'nd.

549 1423 787 1505 (Codd.
844 1419 1092 1500 gelidos
1149 1420 1221 1474 ut
1277 1431 1369 1472 sc.
1395 1452 1414 1485 ,
1474 1409 1804 1487 gelidosne
1869 1415 1957 1479 ut,
2012 1408 2341 1486 gelidosne
2383 1401 2652 1480 scand.)

553 1524 862 1587 emendari
918 1519 1198 1598 possunt.
1293 1512 1612 1591 Quomodo
1672 1528 1818 1570 vero
1868 1510 1977 1571 Sil.
2022 1511 2101 1582 X,
2150 1507 2293 1569 123.
2378 1513 2461 1570 Ac
2504 1527 2650 1567 con-

551 1636 656 1687 tra
721 1624 1099 1685 horrendum
1166 1619 1263 1678 bis
1327 1624 1511 1676 terna
1574 1615 1823 1689 spicula
1889 1614 2120 1672 dextra
2181 1613 2375 1671 Torta
2437 1612 2652 1671 volant

487 1807 491 1811 ¹
551 1727 756 1788 sanari
818 1727 1043 1800 queat,
1106 1740 1246 1782 cum
1304 1719 1486 1780 codd.
1532 1717 1721 1792 antiq.
1765 1733 1884 1791 ope
1945 1711 2275 1772 destitutus
2336 1715 2483 1786 sim,
2550 1731 2648 1771 me

551 1828 788 1889 nescire
845 1825 1080 1899 fateor,
1142 1828 1206 1885 at
1247 1825 1312 1883 in
1352 1822 1540 1882 verbo
1590 1826 1773 1878 terna
1816 1833 2134 1875 numerum
2189 1814 2515 1889 quemdam
2557 1813 2651 1874 la-

548 1936 680 1990 tere
725 1932 1001 2005 apparet,
1046 1928 1307 1987 fortasse
1346 1925 1444 1984 bis
1487 1922 1748 1983 decies?
1806 1917 2070 1978 Videant
2109 1916 2313 1976 Docti.
2342 1946 2428 1959 —
2486 1915 2651 1974 Boe-

549 2034 659 2093 thii
715 2032 890 2091 locus
950 2029 1054 2104 qui
1111 2027 1214 2086 hic
1271 2027 1571 2103 pertinet,
1629 2024 1856 2102 legitur
1900 2021 1989 2093 V,
2034 2017 2112 2093 3,
2162 2017 2259 2078 14.
2306 2020 2414 2079 ubi
2460 2018 2650 2079 lectio

550 2143 701 2197 nota
743 2135 911 2194 scire
956 2130 1033 2188 ob
1079 2146 1396 2188 caesuram
1441 2146 1566 2186 non
1609 2121 1978 2205 negligenda
2023 2124 2137 2180 est.
2379 2138 2386 2149 ³

719 2237 868 2313 Cap.
913 2231 1016 2293 VI.
1060 2229 1125 2307 Ρ.’
1169 2227 1283 2303 36,
1336 2228 1431 2289 15.
1492 2222 1901 2303 Ptolemaeo]
1963 2223 2057 2284 cf.
2123 2225 2371 2298 Syntax.
2427 2216 2531 2295 II,
2591 2217 2649 2279 1.
2753 2246 2756 2249 >

551 2341 608 2401 2.
660 2369 744 2383 --
823 2339 905 2396 ib.
953 2333 1055 2393 22.
1111 2329 1381 2410 habeat]
1444 2334 1702 2408 Saepius
1746 2333 1808 2389 in
1853 2327 2303 2407 interrogativis
2363 2325 2651 2385 enuntia-

544 2442 812 2501 tionibus
874 2436 1174 2496 similibus
1223 2437 1533 2495 coniunct.
1580 2436 1774 2493 utitur
1820 2432 2121 2508 scriptor,
2169 2428 2265 2488 vd.
2310 2421 2436 2502 ΠΙ,
2475 2423 2538 2487 8.
2584 2443 2651 2501 p.

549 2542 653 2618 53,
703 2543 758 2605 1.
830 2535 948 2612 III,
1001 2534 1097 2597 10.
1146 2555 1209 2613 Ρ.
1258 2537 1360 2611 58,
1407 2538 1510 2600 25.
1555 2569 1636 2583 —
1724 2555 1810 2613 Ρ.Δ
1846 2533 1964 2609 37,
2030 2531 2127 2593 10.
2195 2525 2484 2611 quamq]
2545 2529 2651 2589 De

545 2646 666 2707 hoc
709 2641 1051 2722 particulae
1119 2658 1240 2699 usu
1298 2642 1376 2700 cf.
1421 2641 1615 2700 Kritz.
1679 2639 1756 2699 ad
1816 2638 1965 2697 Sall.
2027 2637 2165 2714 Iug.
2227 2633 2345 2709 85,
2413 2632 2512 2694 15.
2557 2663 2652 2677 --

545 2766 608 2825 p.
657 2745 776 2817 37,
829 2742 926 2803 19.
983 2738 1357 2819 quamlibet]
1417 2744 1558 2803 Hoc
1614 2744 1866 2803 verbum
1932 2762 2003 2801 ex
2063 2742 2193 2816 opt.
2250 2737 2401 2795 meis
2461 2732 2651 2798 codd.

543 2848 788 2923 recepi,
849 2862 1050 2919 neque
1096 2847 1224 2919 est,
1280 2864 1394 2905 cur
1435 2847 1597 2906 infra
1637 2863 1692 2905 v.
1738 2843 1838 2903 23.
1863 2844 2174 2914 κωιιΐθῐιιι,
2220 2855 2360 2897 nam
2405 2836 2652 2895 etiamsi

545 2949 859 3027 quaelibet
914 2946 1188 3024 intellegi
1231 2948 1475 3023 potest,
1535 2950 1740 3006 tamen
1799 2946 1995 3005 altera
2050 2962 2165 3002 vox
2219 2961 2360 3000 cum
2401 2939 2653 3014 prolixi

547 3051 879 3111 coniuncta
921 3051 1232 3125 praestat,
1288 3049 1369 3108 cf.
1415 3049 1586 3108 CaSS.
1632 3050 1771 3108 Var.
1815 3044 1883 3121 Ι,
1929 3046 2009 3107 30
2056 3066 2106 3105 ε.
2150 3046 2193 3104 f.
2240 3073 2322 3085 —-
2407 3040 2491 3098 ib.
2535 3036 2651 3100 30.

543 3154 815 3211 adorsus
860 3150 981 3209 def.
1023 3149 1331 3210 Murmell.
1379 3152 1484 3226 qui
1530 3169 1597 3209 se
1640 3150 1800 3209 hanc
1840 3149 2100 3208 formam
2149 3145 2312 3223 apud
2354 3142 2648 3203 AmbroS.

545 3255 609 3311 et
651 3251 1092 3324 Hieronymum
1135 3247 1359 3331 legisse
1403 3253 1690 3311 testatur.
1776 3250 1974 3329 Vulgo
2014 3249 2197 3307 Corn.
2231 3243 2451 3320 Nepoti
2494 3240 2647 3313 (lx,

544 3351 604 3426 4,
654 3351 746 3429 4.)
793 3355 856 3412 et
895 3353 1081 3413 Floro
1129 3349 1213 3433 (I,
1260 3353 1319 3427 3,
1366 3352 1425 3413 4.
1489 3349 1609 3427 IH,
1658 3350 1715 3426 1,
1767 3349 1864 3412 15.
1938 3350 2042 3421 IV,
2096 3347 2195 3427 12,
2242 3346 2375 3420 44.)
2419 3345 2649 3402 tribui-

542 3459 683 3527 tur,
746 3472 912 3513 nunc
967 3472 1112 3513 vero
1170 3454 1234 3513 hi
1294 3454 1418 3515 loci
1485 3474 1696 3516 omnes
1757 3450 2060 3515 emendati
2119 3450 2412 3531 leguntur
2432 3467 2454 3521 3
2519 3461 2649 3525 ego

543 3558 764 3618 Boeth.
827 3575 1071 3637 quoque
1129 3575 1329 3634 neque
1373 3561 1645 3620 adorsus
1686 3575 1887 3633 neque
1943 3561 2276 3614 est-taturus
2319 3544 2423 3628 (V,
2469 3543 2527 3605 6.
2577 3564 2645 3622 p·

549 3659 692 3732 113,
741 3656 876 3735 33.)
918 3659 1240 3735 scripsisse
1300 3661 1677 3722 contendere
1721 3660 1934 3733 ausim,
1976 3670 2345 3733 quamquam
2384 3647 2645 3708 verbum

541 3765 871 3836 utrumque
917 3758 1095 3818 codd.
1141 3762 1463 3835 praebent.
1507 3794 1593 3809 —-—
1679 3783 1742 3841 p.
1788 3760 1906 3835 38,
1956 3757 2056 3820 15.
2114 3748 2399 3833 spernit]
2454 3750 2647 3810 Simi-

542 3862 665 3923 lem
727 3861 1206 3920 enuntiationem
1263 3862 1362 3921 vd.
1419 3859 1523 3938 H,
1586 3862 1645 3922 3.
1705 3882 1769 3939 Ρ.
1827 3859 1945 3935 24,
2005 3858 2108 3918 31.
2193 3855 2405 3930 Neque
2458 3851 2650 3927 quid·

545 3982 728 4042 quam
787 3962 1040 4039 impedit
1098 3982 1220 4041 quo
1276 3966 1477 4024 minus
1534 3969 1796 4039 spernat
1852 3963 2104 4035 edatur,
2163 3959 2240 4020 cl.
2282 3952 2417 4029 ΙΠ,
2463 3953 2525 4013 5.
2576 3973 2647 4032 p.

544 4067 662 4142 49,
707 4060 805 4139 8.,
866 4065 1138 4124 futurum
1182 4082 1367 4139 vero,
1432 4065 1575 4141 quia
1630 4064 1695 4121 in
1736 4081 1897 4126 rece.
1943 4063 2122 4123 codd.
2167 4078 2292 4120 non
2333 4059 2397 4116 in
2443 4057 2645 4133 antiq.

544 4170 873 4246 reperitur,
907 4167 1178 4242 quamvis
1206 4162 1292 4239 H,
1322 4164 1386 4224 3.
1419 4183 1483 4239 Ρ.
1518 4162 1621 4236 24,
1657 4162 1754 4222 17.
1790 4165 2018 4224 firmari
2050 4160 2646 4240 queatfmutavin—

713 4272 914 4330 Carm.
960 4267 1108 4340 VII,
1157 4265 1215 4324 7.
1267 4260 1488 4343 Brut]
1554 4264 1838 4325 Nominat
1891 4268 2079 4343 poeta
2138 4266 2300 4323 viros
2357 4260 2435 4321 de
2500 4279 2647 4338 rep.

542 4389 797 4431 romana
857 4370 1083 4447 optime
1142 4371 1424 4442 meritos,
1487 4369 1869 4438 Fabricium,
1907 4366 2012 4444 qui
2055 4385 2134 4426 ne
2180 4363 2452 4425 maximis
2501 4364 2650 4439 qui-
