2867 5125
881 355 1616 434 anaxamlll.
2189 374 2312 440 147

210 552 461 624 lebant,
522 549 648 607 sive
706 543 873 621 quod
915 544 1166 604 verbum
1229 542 1536 620 quoddam
1596 553 1632 604 e
1685 542 2093 622 praecedente
2160 572 2306 632 eup-

207 655 506 732 plendum
567 663 704 710 esse
767 664 891 706 non
946 647 1404 727 intelligebant,
1460 655 1643 706 voces
1706 649 1998 723 quasdam
2056 650 2306 716 addide-

207 759 374 815 runt.
463 742 563 814 Ad
605 752 758 811 illud
816 770 1012 831 genus
1071 752 1385 828 pertinent
1425 743 1520 826 ΙΙ,
1571 743 1624 809 1.
1672 769 1731 827 p.
1784 750 1896 826 19,
1939 750 1998 809 8.
2079 756 2195 833 IV,
2243 763 2302 824 5,

205 877 269 935 p.
319 855 422 932 86,
471 854 569 914 19.
615 853 717 929 IV,
765 852 823 911 7.
872 872 935 929 p.
984 851 1086 928 95,
1134 854 1192 912 5.
1283 851 1513 911 Comm.
1562 852 1625 909 in
1670 852 1825 928 Top.
1874 854 1998 913 Cir..
2048 877 2110 934 p.
2157 861 2302 941 352,-

210 958 307 1019 19.
360 949 781 1036 intellegentia
830 958 1116 1017 consistit
1169 958 1236 1015 in
1291 975 1366 1014 eo
1409 955 1577 1032 quod
1604 994 1619 1010 .
1642 994 1658 1010 .
1685 994 1702 1011 .
1742 957 2141 1022 subsecutum
2185 977 2302 1045 est,

204 1064 684 1139 repugnantium
733 1079 882 1118 vero
925 1062 1063 1119 int.
1116 1061 1353 1131 subs„
1397 1044 1505 1116 ubi
1563 1056 1715 1116 haee
1760 1059 1974 1121 ultima
2013 1064 2199 1129 verba
2240 1074 2302 1132 iu

199 1158 371 1223 Eius.
439 1156 575 1220 cod.
641 1160 901 1233 desunt,
944 1180 1004 1237 p.
1056 1161 1199 1221 378.
1290 1163 1454 1223 Nam
1514 1163 1576 1220 si
1628 1156 1754 1221 v't‘n'
1809 1167 1998 1240 eulpa
2170 1192 2299 1232 ma·

199 1285 397 1338 nere,
457 1264 520 1321 si
575 1265 858 1323 mulieris
921 1270 1051 1321 est
1109 1266 1355 1338 culpa
1399 1281 1556 1339 quae
1601 1265 1788 1323 ‘verba‘
1828 1266 1907 1324 id.
1958 1258 2094 1331 cod.
2143 1275 2299 1336 bene

202 1368 461 1440 omittit,
508 1368 668 1440 etth,
732 1360 811 1424 ad
867 1365 987 1424 hoc
1037 1382 1215 1440 quem
1259 1367 1593 1424 tractamus
1636 1366 1845 1445 loona,
1889 1362 1994 1430 ubi
2039 1386 2110 1433 ex
2150 1394 2300 1439 voce

199 1469 455 1528 recond.
522 1470 775 1528 verbum
821 1467 1127 1545 quoddam
1179 1470 1505 1545 cingendi,
1548 1469 1665 1545 lv,
1713 1470 1770 1528 2.
1817 1491 1879 1548 p.
1929 1468 2043 1551 76,
2091 1475 2148 1536 9.
2195 1482 2300 1542 ubi

201 1573 329 1630 sive
376 1573 574 1647 ipsum
614 1575 900 1648 praec-ip.
963 1570 1215 1631 verbum
1261 1570 1384 1629 sive
1433 1580 1504 1632 ex
1549 1588 1622 1633 eo
1669 1565 1953 1652 faciendi
1994 1580 2298 1653 quoddam

196 1672 592 1750 intellegatur
650 1688 907 1732 necesse
968 1675 1095 1732 est:
1159 1671 1278 1746 IV,
1325 1668 1385 1730 6.
1433 1692 1493 1748 Ρ.
1546 1673 1662 1750 91,
1711 1677 1835 1752 22.,
1885 1683 2008 1753 quo
2052 1682 2115 1739 in·
2157 1682 2298 1746 loco

196 1777 276 1837 ad
341 1777 423 1833 al.
498 1776 637 1833 dur.
710 1779 860 1854 agit.
930 1773 1308 1851 praecedens
1370 1775 1690 1835 distribuit
1762 1782 2171 1858 supplendum
2236 1794 2299 1849 et

193 1881 384 1939 ‘verba
406 1868 704 1955 quosdam
744 1918 760 1932 .
793 1915 808 1931 .
836 1916 853 1933 .
889 1878 1202 1936 remordet
1214 1878 1564 1954 parenthes.
1587 1877 1725 1937 loco
1743 1880 2024 1943 habenda
2040 1902 2173 1948 esse
2203 1893 2297 1950 iu-

195 1984 370 2042 dicoz
436 1979 668 2039 Comm.
731 1979 793 2037 in
838 1965 965 2036 c'ic.
1015 1979 1172 2056 Top.
1235 1999 1298 2056 p.
1348 1969 1495 2039 360.
1550 1999 1611 2057 p.
1673 1980 1773 2039 28.
1855 1988 2123 2057 primum
2179 1986 2297 2070 {92³-

193 2093 299 2145 tnr
334 2089 705 2158 ponatur
745 2083 971 2159 quod,
1020 2100 1172 2157 quas
1213 2093 1396 2140 voces
1441 2082 1706 2143 Einsied.
1757 2087 1894 2145 cod.
1944 2103 2067 2147 non
2112 2111 2295 2171 agno-

195 2191 352 2263 scit,
411 2189 484 2246 ut
542 2184 879 2245 enuntiatio
943 2202 978 2242 e
1031 2180 1441 2260 praecedente
1516 2175 1765 2246 dicendi
1819 2192 2004 2250 verbo
2064 2194 2295 2273 depen-

195 2290 357 2349 deat.
405 2318 493 2332 —-
575 2296 637 2364 p.
691 2282 806 2360 66,
882 2285 940 2344 5.
1009 2296 1196 2349 esset.
1285 2290 1361 2348 Is
1415 2287 1593 2366 lege,
1656 2290 1719 2347 et
1779 2288 1856 2348 de
1917 2299 2147 2355 constr.
2192 2299 2291 2358 vd.

197 2392 403 2453 Madv.
455 2390 535 2450 ad
575 2386 701 2449 cie.
754 2389 829 2448 de
872 2391 1002 2449 Pin.
1055 2395 1118 2467 p.
1164 2386 1306 2448 516.
1357 2387 1501 2448 862.

369 2492 524 2571 Gap.
568 2480 709 2551 XII.-
757 2510 817 2569 Ρ.
857 2488 959 2565 66,
995 2490 1054 2550 4.
1093 2484 1346 2571 priora]
1390 2490 1563 2549 Bene
1609 2476 1785 2551 codd.
1832 2500 2014 2573 ve‘tt.,
2064 2502 2141 2561 cf.
2180 2498 2294 2580 111,

200 2593 299 2658 10.
352 2616 415 2673 Ρ.
453 2593 555 2669 60,
602 2595 660 2653 2.
756 2595 988 2655 Οόηιῐιι.
1051 2586 1114 2651 in
1172 2579 1361 2652 Arist.
1409 2593 1792 2654 Praedicam.
1863 2615 1922 2675 p.
1970 2601 2113 2664 2⁰8.
2194 2608 2291 2667 ed.

197 2699 372 2758 Glar.
409 2728 493 2739 -—
560 2715 624 2773 p.
673 2695 775 2771 67,
823 2696 921 2756 19.
969 2685 1071 2755 27.
1119 2691 1579 2775 consensimus]
1623 2697 1720 2757 Ita
1746 2699 1807 2756 in
1851 2705 2113 2782 utroque
2157 2709 2297 2770 loco

194 2801 574 2876 scripsimus,
625 2807 764 2859 oum
808 2801 1056 2879 vulgata
1098 2799 1379 2875 pessimis
1413 2797 1617 2857 Pulm·
1656 2799 1826 2860 libris
1859 2808 2031 2865 mstis
2072 2810 2295 2873 debea-

194 2907 335 2971 tin-3
370 2901 450 2959 cf.
498 2899 615 2974 ΠΙ,
661 2902 756 2961 11.
789 2921 852 2978 Ρ.
890 2901 997 2975 65,
1035 2899 1137 2961 29.
1186 2902 1339 2960 Vere
1382 2898 1481 2959 19.
1519 2905 1877 2964 censuimus·
1907 2911 2070 2969 extat
2113 2914 2175 2970 in
2208 2912 2294 2989 Α,

195 3025 357 3081 quae
426 3005 734 3080 scriptura
792 3004 1035 3062 minime
1102 3001 1451 3078 spernenda
1507 3004 1703 3076 esset,
1770 3006 1822 3062 ai
1890 3007 1992 3066 alii
2051 3023 2295 3092 quoqne

198 3100 381 3168 codd.
431 3107 665 3182 antiqui
708 3117 843 3165 eam
874 3107 1215 3179 tuerentur,
1259 3091 1369 3164 sed
1406 3099 1595 3162 satius
1625 3103 1867 3165 videtur
1896 3127 2029 3168 eam
2062 3124 2095 3171 e
2128 3123 2297 3174 com-

199 3208 435 3285 pendio
483 3189 688 3270 {sens-
739 3215 932 3267 ortam
967 3212 1220 3282 putare:
1268 3220 1458 3284 quare
1496 3214 1631 3267 c'um
1667 3209 1878 3269 eadem·
1910 3215 2077 3273 varia
2111 3216 2295 3279 lectio

199 3311 323 3383 ΙΠ,
368 3307 465 3369 10.
514 3331 574 3389 Ρ.
611 3307 712 3385 62,
747 3311 806 3369 2.
855 3312 1197 3370 inveniatur
1240 3313 1304 3368 et
1348 3320 1632 3369 concensu
1660 3310 1723 3367 in
1753 3312 1821 3370 B
1861 3311 2122 3392 legatur,
2171 3331 2294 3380 no'n

202 3414 440 3488 dubito,
489 3416 634 3490 quin
678 3415 740 3473 in
787 3430 860 3473 eo
907 3421 1151 3489 quoque
1195 3410 1335 3470 loco
1379 3415 1806 3474 consensimus
1849 3417 2294 3482 emendandum

203 3515 306 3573 sit.
342 3545 427 3558 -
483 3533 546 3592 Ρ.
587 3505 687 3588 67,
727 3514 829 3574 21.
880 3506 1308 3593 extrinsecus]
1353 3513 1601 3596 Correxi
1643 3517 1863 3576 malam
1908 3527 1946 3576 a
1988 3521 2142 3580 Vall.
2192 3543 2294 3584 re·-

205 3619 450 3692 eeptam
497 3619 898 3695 scripturam,
969 3619 1254 3695 quoniam
1314 3615 1447 3675 aliie
1489 3613 1554 3676 in
1599 3617 1750 3677 locis
1794 3618 1907 3693 ΙΠ,
1948 3619 2041 3681 10.
2088 3643 2151 3701 Ρ.
2192 3624 2296 3701 59,

207 3713 314 3778 21.
349 3720 465 3778 ete.
514 3721 778 3798 scriptor
818 3722 938 3781 hoo
979 3722 1167 3781 verbo
1206 3728 1329 3780 non
1373 3735 1488 3797 pro
1535 3718 1829 3779 adiectivo
1873 3722 1983 3782 sed
2025 3740 2140 3802 pro
2185 3727 2297 3787 ad-

205 3821 419 3879 verbio
464 3822 678 3882 utitur.
768 3824 999 3882 Locum
1045 3824 1224 3897 enim,
1270 3835 1451 3898 quem
1494 3820 1757 3879 afferunt
1800 3822 1877 3883 de
1911 3823 2123 3885 Differ.
2172 3829 2297 3888 To-

208 3925 329 3999 pic.
370 3924 484 3982 111.
523 3928 584 3984 A
633 3929 1092 4001 comparatione
1138 3926 1395 3984 maiori-s·
1450 3924 1554 3982 vel
1604 3925 1862 3985 minoris
1915 3929 2077 3988 idem
2122 3933 2299 3991 loeus

210 4030 345 4098 est,
390 4027 498 4101 qui
538 4029 712 4101 apud
748 4025 1145 4088 Themistium
1190 4029 1352 4085 inter
1393 4027 1785 4086 extrinsecos
1833 4030 2005 4091 locos
2041 4035 2298 4105 ponitur

208 4145 253 4183 a
297 4127 532 4184 maiore
572 4134 639 4184 et
668 4135 914 4212 =minore
959 4146 994 4190 e·
1039 4129 1188 4186 Ven.
1239 4126 1334 4188 e‘d.
1390 4125 1571 4186 1497.
1620 4131 1785 4189 inter
1843 4132 2014 4190 loco-s·
2056 4135 2294 4193 extrin-

208 4241 402 4290 secus
438 4249 585 4305 pon.
632 4233 1016 4292 scribendum
1061 4249 1194 4290 esse
1241 4230 1633 4288 existimo.-—
1691 4231 1773 4288 ib.
1813 4230 1913 4290 22.
1959 4230 2074 4289 Id.
2100 4272 2154 4292 ..
2199 4242 2300 4294 est

208 4327 385 4412 neos]
441 4333 536 4392 Ad
582 4333 835 4411 vestigia
893 4333 1028 4392 cod.
1076 4338 1136 4395 Α
1185 4334 1450 4393 fortasse
1494 4329 1822 4493 legfgdum
1881 4332 2010 4391 est:
2081 4333 2192 4394 Ita
2233 4337 2304 4396 id

1687 4429 1721 4470 *
