2867 5125
947 464 1514 533 nnana-111.
2175 470 2259 541 63

207 624 359 701 ante
422 622 739 702 conclusa
798 645 964 702 sunt.
1020 593 1131 707 D·
1173 622 1544 702 manebunt.
1619 612 1702 705 R.
1736 624 1987 718 Nonne,
2028 639 2262 725 inquit,

204 723 702 789 monstravimus
760 742 881 800 ea,
943 738 1109 808 quae
1170 722 1561 807 adpetuntur
1615 722 1947 806 pluribus,
2011 726 2255 790 ideireo

204 828 362 871 vera
404 808 822 893 perfectaque
868 812 1036 875 bona
1079 830 1205 872 non
1251 829 1421 885 esse,
1456 812 1756 893 quoniam
1786 831 1828 874 a
1866 828 1942 873 se
1985 812 2257 876 invicem

211 897 691 977 discreparent,
736 914 1009 978 cumque
1063 893 1248 958 alteri
1312 897 1575 959 abesset
1632 894 1934 975 alterum,
1999 897 2257 979 plenum

209 979 705 1065 absolutumque
748 982 980 1045 bonum
1024 980 1280 1046 adferre
1322 1002 1450 1044 non
1495 988 1741 1065 posse?
1816 981 1978 1045 Tum
2040 994 2256 1047 autem
2310 984 2355 1048 δ

211 1084 435 1131 verum
481 1068 714 1131 bonum
755 1064 920 1143 fieri,
963 1082 1107 1131 enm
1150 1065 1213 1129 in
1260 1084 1452 1130 unam
1494 1066 1690 1131 veluti
1753 1066 2024 1132 formam
2068 1080 2258 1153 atque

210 1152 620 1216 efficientiam
664 1151 1089 1234 conliguntur,
1133 1162 1202 1214 ut
1242 1172 1409 1235 quae
1448 1152 1834 1257 suffieiegitia
1876 1166 1998 1232 est,
2019 1155 2259 1219 eadem

209 1239 295 1303 sit
335 1240 647 1321 potentia,
690 1238 1072 1314 reverentia,
1120 1236 1391 1301 claritas*
1425 1251 1619 1323 atque
1660 1240 2061 1303 iocunditas:
2133 1242 2259 1305 nisi

209 1344 367 1388 vero
399 1344 591 1388 unum
622 1334 817 1407 atque
846 1323 1012 1387 idem
1042 1324 1259 1388 omnia
1300 1326 1465 1402 sint,
1505 1323 1663 1409 nihil
1697 1325 1955 1404 babere,
2001 1347 2124 1410 quo
2166 1327 2258 1390 in·

208 1422 306 1474 ter
348 1411 712 1492 expetenda
773 1419 1200 1472 numerentur.
1267 1409 1364 1474 fl.
1392 1402 1930 1489 Demens—tratum,
1973 1413 2255 1495 inquam,
2317 1410 2395 1477 lo

214 1516 341 1560 nec
405 1495 678 1560 dubitari
730 1493 864 1558 ullo
909 1495 1102 1560 modo
1149 1505 1380 1579 potest.
1472 1495 1548 1559 R.
1616 1497 1803 1569 Quae
1844 1497 2076 1579 igitur,
2120 1508 2262 1562 cuni

218 1582 621 1664 discrepant,
688 1580 943 1651 minime
986 1580 1156 1644 bona
1193 1586 1374 1658 ‘sunu
1448 1602 1592 1645 eum
1650 1602 1807 1646 vero
1871 1604 2064 1647 unum
2117 1586 2268 1648 ess'e

221 1670 576 1750 coeperint,
622 1669 789 1731 bona
834 1663 1029 1730 fiunt:
1082 1684 1296 1731 nonne
1336 1666 1506 1731 haec
1547 1679 1617 1732 ut
1657 1669 1831 1733 bona
1872 1670 2023 1746 sint,
2064 1670 2267 1735 unita·

172 1782 177 1790 ·
215 1754 300 1818 tis
341 1752 481 1817 fieri
522 1752 865 1835 adeptione
908 1748 1265 1834 contingit?
1337 1752 1424 1829 fl,
1471 1752 1601 1835 lta,
1656 1754 1953 1837 inquam,
1993 1755 2265 1819 videtur.

206 1839 298 1907 ss
347 1839 480 1902 Sed
524 1858 713 1905 omne
755 1837 925 1922 quod
969 1840 1203 1903 bonum
1244 1851 1368 1916 est,
1426 1839 1575 1903 boni
1617 1840 2109 1924 participatione
2152 1843 2264 1905 bo·
2317 1845 2399 1908 15

205 1944 361 1989 num
405 1944 554 1989 esse
598 1925 925 2004 coneediS‚
967 1943 1050 1987 an
1098 1922 1398 1987 minime?
1447 1922 1550 1995 'R
1594 1924 1688 1989 Ita
1731 1936 1851 1988 est.
1925 1925 2016 1991 R
2056 1927 2261 2009 Opor-

214 2022 309 2075 tet
349 2010 544 2093 igitur
601 2011 767 2074 idem
823 2026 977 2074 esse
1018 2029 1212 2071 unum
1255 2021 1450 2093 atque
1509 2011 1743 2074 bonum
1785 2009 1975 2074 simili
2017 2013 2265 2075 ratione

210 2096 577 2162 concedas:
634 2095 858 2160 eadem
902 2114 1179 2178 namque
1222 2097 1586 2159 substantia
1644 2106 1745 2160 est
1788 2117 2043 2172 eorum,
2111 2118 2266 2181 quo-

207 2203 352 2261 rum
396 2180 777 2246 naturaliter
813 2201 941 2245 non
986 2190 1088 2244 est
1143 2180 1439 2244 diversus
1482 2180 1771 2245 effeetus.
1837 2180 1930 2253 R
1979 2181 2264 2263 Negare,

206 2269 493 2353 inquam,
536 2288 808 2351 nequeo.
862 2266 987 2330 *Pe
1018 2265 1293 2331 Nostine
1333 2266 1548 2348 igitur,
1590 2267 1811 2350 inquit,
1857 2287 2045 2330 omne
2088 2267 2257 2351 quod
2313 2260 2401 2332 20

209 2366 336 2429 est,
380 2367 509 2418 tam
544 2355 652 2417 diu
682 2372 944 2418 manere
976 2363 1170 2436 atque
1200 2353 1556 2417 subsistere
1585 2370 1776 2437 quam
1806 2353 1913 2417 diu
1942 2353 2026 2416 sit
2054 2371 2271 2430 unum,

210 2441 345 2506 sed'
379 2439 637 2504 interire
676 2450 871 2523 atque
913 2437 1183 2525 dissolvi
1229 2461 1269 2521 p
1350 2439 1470 2502 'ter
1509 2450 1577 2502 at
1623 2458 1703 2502 ue
1745 2460 1938 2502 unum
1969 2458 2119 2503 esse
2161 2439 2270 2501 de-

206 2526 492 2593 stiterit‘.²
545 2524 657 2590 ’B-
699 2525 996 2599 Quonam
1039 2522 1279 2590 modo?
1349 2461 1437 2606 Q
1489 2511 1572 2588 Ul?
1613 2543 1679 2589 iu
1726 2523 2133 2603 animalibuS,
2175 2525 2269 2589 inss

209 2614 374 2699 quit,
419 2633 564 2677 cum
608 2613 671 2675 in
714 2632 909 2674 unum
949 2621 1184 2674 coeunt
1227 2632 1310 2674 ae
1351 2621 1729 2694 permanent
1758 2613 1972 2682 anima
2002 2621 2267 2695 corpus-⁶

210 2719 363 2784 que,
406 2698 471 2761 id
514 2695 755 2762 animal
798 2707 1085 2761 vocatur.
1151 2695 1312 2760 Cum
1364 2717 1523 2760 vero
1566 2695 1736 2765 haec
1775 2698 1990 2761 unitas
2034 2698 2263 2762 utrius·
2319 2697 2405 2761 25

210 2805 339 2869 que
382 2784 791 2867 separatione
832 2781 1227 2860 dissolvitur,
1269 2783 1529 2846 interire
1572 2803 1692 2848 nec
1756 2785 1886 2847 iam
1942 2805 2092 2848 esse
2134 2785 2268 2848 ani-

206 2869 343 2935 mal
388 2869 604 2954 liquet.
691 2869 914 2951 Ipsum
973 2887 1229 2952 quoque
1285 2885 1527 2951 eorpus
1593 2886 1737 2933 eum
1779 2869 1842 2933 in
1888 2889 2018 2934 una
2062 2869 2271 2936 forma

203 2958 638 3020 membrorum
683 2954 1137 3019 coniunctione
1177 2955 1531 3036 permanet,
1560 2952 1841 3017 humana
1868 2956 2098 3018 visitur
2125 2959 2271 3038 spe·

204 3043 365 3106 cies.
450 3041 538 3104 At
579 3041 636 3105 si
679 3040 1054 3104 distributae
1130 3053 1643 3121 segregataeque
1711 3049 1929 3120 partes
1973 3041 2272 3121 corporis

205 3128 625 3191 distraxerint
656 3126 996 3202 unitatem,
1042 3122 1271 3187 desinit
1313 3142 1464 3186 esse
1505 3122 1675 3210 quod
1792 3136 1949 3190 erat.
2040 3124 2265 3208 quue
2321 3134 2406 3199 3ο

205 3213 406 3277 modo
439 3212 835 3295 percurrenti
867 3223 1083 3274 cetera
1120 3190 1346 3293 pm!
1384 3209 1577 3271 dubio
1613 3209 1826 3290 patebl
1907 3207 2265 3272 subsistere

201 3297 731 3381 unumquodque,
777 3295 925 3360 dum
967 3315 1159 3359 unum
1203 3305 1340 3357 estt
1386 3309 1533 3357 cum
1563 3313 1717 3357 vero
1750 3314 1942 3358 unum
1981 3313 2131 3358 esse
2164 3294 2272 3357 de-

203 3384 388 3462 sinit,
429 3385 709 3448 interire.
753 3369 849 3447 R
881 3380 1359 3458 Consideranti,
1401 3379 1684 3463 inquam,
1728 3378 1881 3444 mihi
1913 3379 2122 3466 plura,
2157 3380 2273 3443 mi·

201 3471 387 3538 nime
444 3467 620 3536 aliud
682 3467 955 3532 videtur.
1046 3466 1124 3534 R
1180 3465 1382 3532 Estne
1436 3465 1672 3550 igitur,
1734 3467 1954 3553 inquit,
1996 3464 2167 3552 quod
2209 3466 2274 3530 in

203 3566 520 3643 quantum
560 3552 939 3627 naturaliter
998 3563 1177 3637 agat,
1221 3549 1453 3620 relicta
1509 3552 1903 3619 subsistendi
1964 3552 2270 3636 adpeten-
2325 3548 2411 3617 35

352 3732 400 3780 1.
439 3722 748 3778 Mauebunt.
814 3720 1113 3790 AB(D)et·
1176 3715 1524 3796 EXQMan.
1579 3719 1631 3774 in
1671 3737 1801 3774 uam.
1847 3722 1933 3773 im
1973 3717 2175 3774 LNVoe
2196 3717 2275 3773 X.

201 3799 408 3848 στα-
454 3798 505 3848 2.
548 3792 670 3863 adp.
716 3810 752 3863 p
775 3797 878 3856 ιιι]
914 3791 1080 3845 ΔΒΙ)
1130 3795 1185 3843 2.
1225 3803 1254 3841 a
1296 3806 1345 3858 p.
1376 3806 1409 3841 a
1434 3789 1565 3859 plur.
1598 3737 1670 3858 e}
1715 3804 1814 3860 mp
1844 3794 1948 3842 etc.
1981 3787 2056 3841 X.
2088 3794 2278 3843 etc.—

196 3866 281 3919 5.»
308 3869 480 3914 autem
524 3860 927 3914 monstravimus
957 3875 1149 3912 verum·
1169 3875 1200 3910 e
1277 3858 1351 3910 eri
1380 3857 1597 3910 dicimus
1685 3855 1787 3909 eth.
1812 3885 1871 3895 ·-
1906 3862 1956 3911 7.
1986 3856 2280 3927 coligantur

195 3945 283 3984 m.
305 3958 367 3971 «υ
404 3929 455 3984 9.
485 3928 629 3980 (nod
664 3925 762 3981 Τι.
796 3926 970 3983 Va·—
1029 3933 1104 3982 10.
1154 3924 1429 3979 Demonst.
1462 3924 1613 3995 imp]
1647 3920 1979 3990 ABDHKQ
2013 3924 2150 3979 dem.
2197 3932 2278 3977 est

193 3998 314 4067 inq.
346 3996 462 4050 Cet.
556 4032 569 4046 .
603 4002 707 4049 etc.
736 4023 806 4035 —
844 4002 923 4052 11.
952 4011 1060 4048 non
1090 3993 1211 4047 dub.
1246 3992 1355 4048 ΑΒ.
1374 4019 1441 4034 —-
1480 3997 1559 4048 12.
1608 4005 1723 4044 cum
1758 4007 1889 4045 vero
1924 4030 1938 4045 .
1957 4030 1970 4045 .
1990 4032 2004 4046 .
2035 3994 2138 4047 sint
2166 4008 2276 4044 om.

194 4063 284 4119 D.
322 4079 440 4117 cum
468 4065 629 4134 discr,
661 4100 707 4116 ..
730 4101 744 4117 .
776 4079 925 4134 coep.
960 4080 1069 4116 om.
1095 4079 1172 4114 m.
1192 4088 1260 4102 —-
1286 4066 1360 4117 ¹4.
1390 4061 1565 4130 adept.
1596 4059 1718 4113 unit.
1748 4055 1861 4113 fieri
1893 4069 2033 4114 cont.
2089 4057 2168 4114 lta
2195 4065 2277 4118 est

194 4134 315 4204 inq.
337 4132 504 4186 Rtm.
540 4131 616 4186 lta
642 4169 656 4185 .
675 4169 688 4185 .
707 4169 721 4185 .
755 4131 860 4184 vid.
894 4148 1002 4185 om.
1027 4130 1096 4184 B.
1116 4158 1181 4171 -
1220 4129 1440 4186 15.bou.
1473 4136 1554 4182 est
1578 4125 1832 4195 Wolfi-
1857 4131 1949 4184 16.
1981 4125 2059 4181 lta
2090 4135 2171 4181 eut
2207 4141 2276 4178 an

191 4203 331 4255 min.
365 4193 442 4254 D.
473 4210 554 4254 est
588 4199 797 4268 inquam
831 4197 1042 4252 Bm.--
1089 4201 1173 4255 23.
1205 4213 1256 4268 p.
1288 4194 1718 4251 at'conmuuium
1758 4212 1881 4250 esse
1910 4194 1965 4249 Β
2006 4195 2203 4265 pariter
2232 4194 2281 4246 sl

189 4286 296 4393 22·
322 4287 375 4390 εί.
390 4285 504 4388 ¹232·
529 4276 686 4388 12²2
703 4281 927 4392 ‘aaz
958 4263 1979 4403 ¹3³⁰..rm00‘i‘0zffisssss‘q222‘sszga
2036 4261 2193 4386 2²5ss-
2209 4287 2280 4370 1:

183 4410 280 4463 80.
327 4404 484 4459 fuerit
517 4401 583 4456 Β.
620 4434 682 4445 -
713 4407 797 4460 33.
837 4352 1057 4458 integ-uel
1078 4351 1168 4457 νίἓ
1187 4419 1221 4455 e
1249 4352 1397 4456 inat.
1427 4400 1568 4455 solet
1596 4401 1720 4454 ί-
1747 4402 1833 4460 35.
1876 4397 2166 4455 manendi
2200 4396 2278 4452 X.

198 4472 374 4543 Vulp.
404 4479 511 4525 etc.
554 4471 676 4543 adp.
712 4472 857 4527 nubs.
891 4470 960 4525 A.
980 4500 1048 4512 -
