2867 5125
513 396 671 483 min
1230 415 1932 518 Pnonnoqu.

512 566 853 670 ingressus
896 605 1039 652 sum
1086 587 1284 665 viam,
1327 602 1542 671 neque
1585 572 1811 655 dubito
1855 586 2015 671 quin
2059 594 2125 652 et
2168 574 2508 672 Vufflp'iana
2542 596 2613 653 et

510 676 998 764 Helfrechtiana
1028 696 1244 780 magis
1273 696 1618 781 probanda
1657 697 1764 762 sit.
1848 695 2057 764 Codd.
2084 698 2258 763 enim
2287 699 2607 764 recentio-

510 824 621 873 res
655 821 855 894 atque
898 828 1016 872 eas
1065 828 1200 873 see.
1237 804 1386 872 XV.
1443 807 1785 887 editiones,
1829 827 2002 892 quae
2055 808 2144 873 ad
2185 807 2609 894 interpolata·

510 936 656 986 rum
701 918 1016 987 familiam
1076 920 1426 1006 pertinent,
1471 916 1717 985 contuli
1761 920 2059 1005 quidem,
2101 920 2224 986 sed
2268 920 2356 986 ad
2396 921 2606 985 verba

510 1030 768 1096 Boethii
820 1030 1227 1097 emendanda
1279 1029 1611 1096 adhibere
1645 1029 1974 1109 dubitavi,
2058 1048 2273 1115 neque
2323 1028 2604 1095 aliorum

508 1144 932 1228 interpretum
963 1144 1404 1228 suspiciones,
1451 1143 1578 1229 nisi
1609 1144 1818 1209 oratio
1846 1153 2078 1228 aperte
2103 1153 2414 1229 corrupta
2437 1146 2601 1225 erat,

508 1256 576 1320 in
621 1266 802 1320 textu
855 1254 1092 1340 posui,
1156 1274 1370 1339 neque
1421 1274 1591 1338 quas
1628 1255 1773 1340 ipse
1814 1252 1945 1320 feei
1990 1255 2408 1320 coniecturas
2438 1256 2598 1320 dua·

509 1368 635 1432 bus
680 1367 976 1450 exceptis
1025 1364 1122 1450 [1‚
1166 1367 1229 1431 4.
1276 1365 1363 1430 in.
1387 1376 1453 1429 et
1481 1366 1568 1448 ΙΙ,
1611 1387 1677 1451 p.
1717 1365 1912 1451 280]
1971 1364 2350 1452 philosophi
2381 1368 2602 1432 verbis

508 1476 793 1555 inserui,
837 1474 956 1541 sed
995 1496 1113 1540 eas
1153 1476 1220 1540 in
1267 1475 1797 1542 adnotationibus
1850 1475 2232 1544 laudavisse
2271 1480 2436 1544 satis
2481 1479 2598 1546 ha·

508 1673 561 1729 8.
582 1693 654 1707 -·
700 1663 761 1718 ln
795 1668 833 1722 8
876 1660 1115 1733 plagellis
1160 1659 1276 1715 fere
1326 1666 1424 1720 120
1464 1670 1642 1718 errata
1681 1659 2138 1733 typographorum
2178 1666 2392 1721 insunt!
2458 1668 2604 1725 Anto

507 1760 695 1815 oculos
737 1755 922 1812 habuit
952 1755 1125 1808 editor
1157 1753 1419 1810 Teubner.
1455 1759 1637 1823 1753„
1672 1771 1830 1825 quam
1865 1754 2060 1810 Vallini
2096 1766 2295 1812 textum
2321 1763 2473 1832 sequi
2506 1780 2604 1834 pu-

506 1854 639 1907 tavit
655 1853 670 1906 2
685 1880 756 1892 —·-
791 1846 1472 1916 Bodonianam(Pa1-mae
1491 1851 1666 1915 1798.)
1699 1856 1753 1903 et
1770 1845 2175 1903 Eremitanam
2193 1850 2397 1920 (Paris.
2421 1858 2600 1926 1783.)

506 1944 629 2002 edd.
646 1985 664 2008 ‚
699 1960 837 2015 quae
872 1951 993 1996 sunt
1026 1956 1212 2008 rarae,
1248 1940 1373 1995 mihi
1408 1958 1724 2012 comparare
1757 1956 1866 1994 nou
1918 1942 2083 2012 potui.
2104 1972 2160 1983 —
2203 1942 2384 2001 Edere
2417 1951 2602 2005 volue-

504 2050 626 2095 runt
659 2037 875 2093 Boethii
920 2036 1082 2102 ἆορ.
1111 2033 1215 2088 Ph.
1259 2033 1430 2089 libros
1460 2033 1546 2088 DI.
1580 2033 1814 2089 Miclcel.
1833 2072 1852 2100 ‚
1885 2032 2105 2090 scholae
2133 2035 2497 2095 Amstadiens.
2519 2043 2600 2112 [ἲ]

508 2131 793 2198 Conrect.‚
843 2129 933 2198 ,ad
986 2128 1399 2199 antiquissimum
1443 2136 1497 2182 et
1543 2128 1797 2198 optimum
1846 2127 2120 2199 exemplar
2156 2136 2452 2188 recensitos
2467 2139 2509 2202 ⁴,
2543 2146 2601 2191 et

505 2222 580 2281 H.
600 2224 981 2285 Lindemann,
997 2222 1086 2275 vd.
1119 2230 1230 2275 not.
1263 2225 1349 2277 60.
1381 2226 1434 2274 et
1451 2219 1612 2290 Leys.
1645 2219 1681 2273 1.
1698 2220 1734 2274 l.
1808 2219 2339 2296 codd-Magantinos
2361 2227 2600 2283 adhibuit

502 2319 572 2374 ad
623 2312 852 2372 carmina
894 2313 1331 2384 recognoscenda
1384 2311 1600 2368 W'eber.
1653 2312 1767 2383 [vd.
1821 2323 1932 2369 not.
1963 2316 2114 2387 221,
2148 2334 2287 2389 quos
2319 2337 2493 2393 meum
2543 2322 2597 2376 in

504 2429 656 2466 usum
688 2410 811 2465 mihi
842 2409 1051 2463 mittere
1092 2408 1262 2460 voluit
1294 2405 1363 2458 V.
1396 2405 1470 2459 D.
1500 2403 1670 2460 Kizlb.
1705 2405 1831 2461 bibl.
1861 2405 2105 2479 Magum.
2142 2412 2462 2481 praefectus,
2499 2416 2599 2471 sed

505 2520 623 2557 cum
654 2519 751 2559 eos
783 2519 891 2555 sec.
919 2499 1038 2554 XV.
1078 2517 1200 2554 esse
1237 2507 1488 2554 exaratos
1534 2498 1875 2568 audivissem,
1910 2517 2020 2557 nou
2057 2503 2202 2576 petii,
2238 2514 2293 2561 at
2331 2524 2439 2562 non
2471 2527 2599 2581 pos-

500 2616 653 2661 sum,
703 2596 825 2668 quin
869 2594 956 2648 hic
986 2592 1054 2647 V.
1086 2594 1157 2647 illi
1205 2592 1276 2647 D.
1309 2594 1505 2662 gratias
1533 2609 1687 2663 agam
1718 2596 1986 2651 maximas.
2007 2626 2074 2638 -—-
2141 2598 2231 2654 Do
2259 2602 2596 2659 versionffiu,

500 2691 700 2760 optime
729 2688 977 2742 disseruit
1009 2684 1278 2757 Freytay.
1316 2684 1354 2740 Ι.
1382 2686 1443 2752 1.,
1477 2703 1643 2757 quare
1672 2687 1742 2741 ibi
1773 2693 2197 2747 commemoratis
2241 2693 2347 2749 bae
2393 2697 2596 2752 adden.

396 2822 399 2825 .
501 2783 603 2836 dae
635 2789 788 2836 sunt:
826 2778 1159 2835 Boeotus
1191 2796 1301 2835 von
1334 2777 1386 2833 d.
1420 2779 1583 2834 Trost
1611 2780 1712 2834 der
1739 2779 2025 2840 Weisbeit.
2097 2784 2381 2843 Iohannes
2397 2788 2599 2846 Schot.

498 2875 706 2929 Strasb.
742 2878 890 2930 1500.
941 2873 1032 2927 vd.
1071 2871 1315 2927 Panzer.
1358 2873 1551 2928 Annal.
1586 2873 1639 2928 d.
1682 2874 1771 2929 iilt.
1812 2875 2058 2932 deutsch.
2087 2877 2192 2935 Lit-
2230 2900 2283 2953 p.
2315 2886 2438 2939 250.
2470 2888 2594 2941 504.

502 2967 721 3024 Iacob’s
746 2964 917 3021 Beitr.
948 2976 1047 3021 etc.
1082 2966 1175 3037 [cf.
1215 2975 1327 3020 not.
1361 2967 1475 3038 53]
1514 2966 1577 3022 Τ.
1614 2967 1659 3020 I.
1697 2985 1748 3039 p.
1782 2972 1902 3027 286.
1971 2968 2233 3028 Boeth.
2275 2990 2403 3030 vom
2433 2975 2601 3034 Trost

499 3061 598 3117 der
625 3059 762 3116 Phil.
794 3063 1060 3115 iibersetzt
1085 3075 1137 3114 v.
1176 3060 1220 3114 1.
1254 3058 1328 3114 H.
1376 3059 1792 3132 Weinqiirtner.
1851 3060 1987 3118 Linz
2017 3070 2165 3123 1827.
2203 3073 2268 3109 -“-
2334 3065 2599 3128 Gedichta

496 3157 674 3211 libers.
707 3170 761 3209 v.
799 3153 862 3208 L.
907 3152 950 3207 Ι.
997 3152 1308 3226 Πῖονιόενῃ.
1352 3153 1675 3208 Greirswald
1716 3160 1865 3213 1826.
1886 3184 1955 3198 -

638 3248 754 3303 The
799 3244 961 3301 Boke
1013 3246 1078 3301 of
1107 3246 1455 3301 consolation
1500 3246 1563 3301 of
1604 3246 1986 3320 Philosophie;
2036 3260 2145 3308 atte
2189 3265 2406 3325 request
2448 3257 2517 3314 of
2559 3278 2595 3314 a

500 3342 731 3414 singular
773 3340 966 3394 Friend
1012 3340 1115 3395 and
1148 3340 1341 3395 Gossib
1373 3340 1440 3394 of
1477 3358 1635 3412 myne
1677 3339 1716 3396 1.
1749 3339 1985 3399 william
2024 3343 2232 3402 Caxtou
2275 3348 2414 3404 have
2450 3335 2615 3409 done·

499 3453 585 3508 my
618 3435 863 3490 Debvoir
894 3432 998 3488 a‘nd
1032 3432 1216 3503 Payne
1245 3433 1583 3504 Temprynte.
1620 3433 1732 3489 Fol.
1766 3437 1884 3491 sine
1911 3454 2045 3491 a.--
2092 3435 2259 3496 Libro
2294 3444 2361 3498 de
2376 3440 2592 3501 Boecio

497 3531 762 3585 Severino
809 3526 1096 3583 entitulado
1154 3527 1303 3582 dela
1330 3528 1674 3584 consolacion
1720 3529 1789 3585 de
1834 3530 1887 3585 la
1913 3530 2304 3606 Philosophia,
2363 3555 2468 3610 por
2497 3540 2593 3595 Αἱ-

498 3624 663 3679 berto
690 3622 763 3677 de
791 3622 1049 3693 Aquayo,
1087 3630 1240 3691 parte
1265 3639 1333 3676 eu
1367 3625 1549 3694 prosa,
1583 3640 1619 3695 y
1656 3632 1807 3695 parte
1842 3641 1910 3680 en
1938 3642 2100 3681 verso
2121 3665 2139 3694 ,
2171 3628 2394 3701 impr-im.
2429 3649 2465 3686 a
2493 3632 2595 3689 Se-

498 3715 627 3771 vilia
661 3719 807 3772 1524.
836 3719 972 3770 4.-
1020 3710 1189 3769 Libro
1241 3715 1311 3770 de
1351 3713 1422 3769 B.
1455 3716 1586 3770 Sev.
1632 3717 1922 3772 entitulado
1964 3749 2035 3759 —-
2079 3738 2113 3775 e
2159 3719 2418 3779 dedicado
2464 3743 2498 3780 a
2542 3727 2605 3783 la‘

497 3802 712 3892 'Se‘I’mra
728 3802 892 3888 Ποῖα
911 3832 1156 3889 Mariana
1186 3834 1255 3889 de
1267 3827 1503 3902 A‘ustria,
1526 3833 1722 3889 Madre
1743 3835 1813 3891 de
1835 3835 2023 3895 Carloa
2040 3837 2107 3895 ll.
2142 3840 2241 3897 Rei
2271 3819 2339 3897 de
2354 3821 2594 3916 Espa‘d'a.

499 3929 614 3986 Por
644 3928 726 3983 Fr.
757 3928 994 3983 Antonio
1038 3928 1108 3982 de
1150 3925 1299 3982 lesus
1342 3945 1377 4000 y
1406 3927 1600 3984 Maria.
1668 3928 1799 3985 Siue
1846 3930 1971 3986 loco
2021 3941 2076 3988 et
2104 3951 2154 3988 a.
2227 3934 2306 3991 cf.
2338 3938 2594 3998 Pan-zer.

500 4023 688 4076 Annal.
722 4021 954 4093 Typogr.
988 4020 1059 4072 11.
1110 4038 1160 4091 p.
1192 4028 1308 4079 180.
1329 4051 1397 4062 -
1445 4022 1660 4077 Italicae
1714 4019 2003 4081 versiones
2035 4027 2347 4098 prodierunt
2395 4031 2595 4091 Venet.

500 4122 650 4174 1520.
688 4120 833 4173 1527.
854 4154 869 4183 ,
906 4113 1001 4168 sed
1041 4114 1172 4167 titul.
1218 4114 1272 4169 in
1323 4115 1408 4169 ed.
1450 4113 1686 4170 Londio.
1719 4121 1866 4174 1823.
1915 4135 2026 4172 uon
2069 4121 2390 4180 iudicantur:
2454 4125 2591 4182 Var-

499 4208 770 4265 clu‘anam
816 4206 1075 4278 (Floreat.
1112 4211 1260 4266 1551.
1302 4210 1383 4280 4.)
1444 4211 1651 4283 repetiit
1689 4208 1918 4264 Bodoni
1961 4214 2016 4270 in
2063 4215 2150 4271 ed.
2194 4217 2300 4272 iam
2343 4218 2596 4275 laudata:

499 4293 783 4357 Boeth.-
846 4300 919 4355 ad
973 4308 1084 4373 opt.
1139 4301 1257 4358 libr.
1302 4300 1467 4359 fidem
1514 4301 2053 4362 recens-‘Parmae
2105 4325 2174 4366 ex
2223 4320 2430 4385 typogr.
2482 4331 2599 4390 reg.

503 4400 654 4454 1798.
705 4395 876 4452 4mai.
