2867 5125
31 2178 36 2329 J

25 2418 32 2612 f

970 369 1577 439 Carum-111.
2200 388 2335 437 nm

212 540 576 627 Thueanis,
617 537 878 609 duobus
922 539 1299 621 Victorinie,
1343 548 1411 609 et
1436 539 1666 631 Regio
1699 539 2091 619 recentiore,
2133 539 2334 623 [nunc

218 651 653 721 bibliothecae
693 650 1038 719 Parisinae
1052 708 1056 713 .
1070 651 1336 740 regiae]
1383 673 1553 740 quos
1595 672 1719 739 pro
1744 673 1929 718 more
1971 648 2179 717 seculi
2217 672 2334 717 ac·

218 771 448 833 curate
490 784 626 829 non
667 762 959 829 contulit.
1043 761 1258 829 Huius
1301 762 1381 835 V.
1422 762 1509 829 D.
1544 761 1833 851 vestigia
1879 761 2129 848 pressit
2178 760 2331 828 Cal·-

218 876 368 961 lyus
386 877 505 957 ⁸⁰),
545 872 734 941 cuius
777 880 1000 941 textus
1039 895 1080 939 a
1120 871 1359 942 vallia.
1404 871 1694 963 paullum
1739 870 1996 939 differt:
2053 872 2334 958 Vulpius

224 992 463 1069 autem,
507 982 619 1071 qui
659 974 1071 1070 ‚domesticia'
1106 981 1477 1070 sumptibus
1505 983 1745 1051 Boeth.
1788 982 2116 1052 edendum
2145 1004 2333 1053 cura·

220 1094 354 1180 ‘vig‘
394 1094 567 1162 viam
608 1117 649 1162 a
688 1094 947 1165 Vallino
990 1094 1217 1163 initam
1259 1093 1556 1162 deseruit
1589 1116 1674 1163 ac
1717 1116 1802 1161 ne
1840 1094 2035 1162 codd.
2069 1093 2331 1184 quidem

221 1205 542 1284 adhibuit,
574 1205 695 1272 sed
727 1206 817 1272 ad
846 1203 1041 1272 fidem
1072 1206 1467 1292 optimarum
1509 1205 1977 1293 [pessimarum
1992 1206 2059 1289 ³]
2105 1204 2331 1271 editio-

221 1339 382 1385 num
424 1319 789 1399 orationem
827 1318 1173 1405 scriptoris
1213 1316 1548 1383 recensuit
1584 1315 1700 1403 ⁶²).
1787 1314 2068 1382 Eri-ores
2104 1315 2331 1402 Vulpi-

223 1451 393 1498 anos
421 1428 566 1497 fere
609 1450 840 1497 omnes
882 1427 1282 1517 propagavit
1316 1425 1686 1518 Helfreclzt.
1723 1447 1853 1495 nec
1883 1447 2046 1493 suos
2089 1427 2335 1495 addere

222 1542 354 1628 ipsi
400 1542 845 1608 verecundum
889 1539 1035 1622 fuit,
1077 1561 1232 1608 nam
1278 1551 1346 1606 et
1372 1538 1567 1607 locos
1598 1537 1998 1626 complura,
2032 1540 2144 1627 qui
2186 1560 2334 1606 cor-

218 1654 516 1720 rectione
571 1673 707 1720 non
766 1655 1073 1739 egebant,
1115 1673 1158 1719 e
1202 1651 1586 1745 coniectura
1651 1650 1948 1732 mutavit,
2016 1662 2083 1718 et
2128 1672 2334 1737 saepe

222 1762 621 1850 Vulpianas,
667 1784 840 1852 quae
911 1774 1097 1831 recte
1168 1783 1247 1829 se
1306 1762 1644 1830 habebant
1659 1808 1682 1843 ,
1741 1763 2107 1848 scripturas
2166 1765 2331 1831 reie-

222 1876 322 1944 cit'
342 1880 459 1959 ⁶²).
481 1894 582 1926 --·
627 1874 796 1944 Cum
825 1896 902 1943 se
929 1876 1062 1943 isto
1093 1874 1289 1942 modo
1322 1895 1434 1944 res
1462 1873 1759 1955 haberet,
1799 1874 2103 1963 equidem
2132 1873 2333 1943 aliam

358 2064 461 2134 50)
500 2091 562 2105 -·
614 2061 1050 2135 interpretatione
1104 2069 1160 2117 et
1206 2061 1349 2116 notia
1397 2060 1645 2115 insu-uxit
1685 2058 1761 2114 P.
1816 2058 2000 2132 Cally.
2072 2059 2131 2116 ln
2180 2078 2334 2117 unum

219 2154 494 2229 Delphini.
565 2154 747 2211 Lutet.
794 2153 970 2210 Paris.
1017 2172 1105 2226 ap.
1158 2151 1430 2209 Lambert.
1481 2153 1770 2209 Roulland.
1825 2159 1976 2212 1680.
2027 2159 2080 2213 4.
2128 2154 2215 2211 ed.
2267 2154 2332 2212 ΙΙ.

218 2250 348 2307 ibid.
391 2267 481 2322 ap.
518 2249 677 2305 Ferd.
715 2247 984 2305 Leonard.
1022 2253 1194 2314 1695„
1243 2250 1298 2304 in
1333 2265 1441 2320 qua
1475 2258 1650 2303 errata
1693 2248 2078 2322 typographica
2105 2249 2337 2306 indicata
2372 2312 2377 2316 ,

214 2352 358 2410 cunt,
392 2343 487 2398 vd.
533 2342 806 2414 Schweig.
841 2342 859 2398 Ι
893 2344 932 2397 1.

355 2441 455 2505 51)
498 2468 568 2478 —
601 2436 671 2492 ad
709 2448 825 2510 opt.
860 2437 985 2493 edd.
1020 2434 1185 2491 fidem
1219 2451 1427 2491 recena.
1497 2435 1719 2492 Accedit
1752 2434 1925 2493 Bertii
1960 2436 2151 2510 praef„
2186 2435 2335 2494 Boe-

220 2532 319 2590 thii
365 2533 479 2588 vita
512 2549 547 2587 a
581 2528 746 2587 Mart.
781 2531 929 2587 Rota
965 2531 1307 2603 conscripta,
1347 2530 1450 2587 Th.
1486 2529 1735 2588 Pulmani
1784 2533 1855 2589 de
1902 2535 2084 2589 metris
2130 2530 2334 2590 Boeth.

223 2629 455 2694 libellus,
488 2646 594 2684 nec
622 2643 741 2683 uon‘
766 2626 974 2700 Elpidi·
1008 2623 1232 2681 Boethii
1267 2628 1451 2681 uxoris
1483 2625 1663 2698 hymni
1701 2628 1828 2683 duo.
1900 2627 2207 2684 Patavii
2245 2646 2336 2685 ex-

220 2723 453 2786 cudebat
502 2720 542 2778 1.
581 2720 854 2778 Cominus.
907 2725 1060 2779 1721.
1093 2724 1150 2777 8.
1212 2717 1317 2774 Ed.
1352 2717 1420 2773 11.
1455 2719 1530 2775 ib.
1569 2724 1721 2778 1744.
1756 2750 1825 2762 —
1905 2719 2174 2794 Vulpium
2219 2723 2333 2778 edi-

222 2826 398 2873 torem
451 2824 692 2871 extrema
740 2815 1001 2888 praefatio
1054 2814 1314 2869 nominat.
1379 2809 1587 2867 Eadem
1623 2820 1802 2868 textus
1833 2816 2076 2869 recensio
2110 2816 2248 2870 inest
2280 2817 2337 2872 in
2453 2879 2458 2888 Ι

223 2910 337 2978 ed.,
390 2926 551 2981 quam
586 2908 952 2980 Glasguae
998 2909 1052 2963 in
1086 2908 1206 2963 aed.
1238 2905 1479 2961 academ.
1532 2906 1865 2962 excutiebant
1896 2906 2038 2962 Rob.
2075 2915 2132 2963 et
2157 2903 2329 2988 Andr.

218 3002 406 3062 Poulis
445 3007 596 3062 1751.
647 3008 747 3071 [8.,
781 3003 879 3060 aed
929 3011 1112 3058 extant
1156 3003 1315 3058 etiam
1365 3001 1611 3072 exempla
1657 2999 1835 3057 forma
1868 3006 1967 3072 4.]‚
2018 3019 2129 3058 non
2168 3002 2332 3057 Valli·

217 3100 382 3154 niana
418 3098 516 3163 [cf.
553 3095 884 3168 Schweiger.
921 3097 959 3151 1.
988 3096 1091 3162 1.]:
1145 3112 1266 3151 cum
1298 3096 1354 3150 in
1387 3094 1614 3167 praelat.
1665 3095 1822 3151 huius
1857 3095 1946 3152 ed.
1984 3112 2124 3151 varr.
2188 3097 2341 3162 lectt,

225 3210 261 3247 e
292 3191 420 3249 cod.
468 3188 771 3248 oxoniensi
805 3198 860 3245 et
893 3188 1210 3261 Glasguensi
1256 3187 1572 3253 afferantur,
1607 3205 1695 3244 me
1727 3207 1794 3244 ea
1828 3190 1901 3247 uti
1934 3206 2047 3245 uon
2092 3191 2336 3262 potuisse

218 3285 380 3342 valde
434 3283 621 3351 doleo,
664 3284 938 3340 rarissima
982 3284 1122 3339 enim
1167 3289 1226 3340 et
1265 3281 1403 3338 haec
1446 3291 1502 3338 et
1529 3282 1793 3356 Vulpiana
1845 3283 2011 3356 [quae
2045 3282 2238 3340 Hes-rii
2265 3283 2337 3342 V.

226 3375 290 3434 G.
337 3377 647 3434 humanitati
695 3375 899 3452 debeo]
937 3377 1179 3448 exempla
1209 3394 1331 3432 etse
1360 3376 1625 3432 videntur.
1694 3375 1816 3433 Huc
1848 3379 2006 3434 etiam
2036 3371 2303 3452 pertinent
2319 3398 2337 3435 z

221 3499 296 3517 --
338 3488 408 3529 ex
456 3470 582 3526 edit.
633 3468 901 3543 Vulpiana
948 3487 1069 3527 cum
1116 3471 1258 3524 notis
1306 3480 1361 3525 et
1400 3470 1727 3542 interpretat.
1772 3472 1828 3526 in
1881 3488 2032 3527 usum
2083 3472 2340 3546 Delphini

224 3564 339 3631 [cf.
387 3572 501 3619 not.
549 3567 705 3629 50.]‚
754 3563 915 3618 variis
958 3561 1081 3620 lect.
1129 3563 1364 3629 [Vallin.
1410 3564 1647 3630 codd.],
1688 3565 1829 3620 notis
1874 3566 2140 3623 variorum
2175 3564 2340 3641 [Ber-

225 3657 407 3725 uaffli,
440 3656 650 3723 Sitzm„
694 3655 907 3723 Vallini,
941 3655 1156 3733 Callyi]‚
1185 3674 1412 3715 recensu
1457 3658 1579 3713 edd.
1608 3667 1664 3714 et
1692 3659 1853 3715 codd.
1884 3669 1938 3716 et
1977 3660 2151 3716 indice
2189 3660 2338 3716 locu-

224 3752 548 3827 pletinimo.
615 3748 933 3807 Londiui
964 3769 1076 3807 cur.
1106 3761 1162 3808 et
1189 3752 1412 3824 imprim.
1442 3751 1509 3805 A.
1538 3750 1580 3806 1.
1612 3751 1812 3825 Valpy,
1845 3752 1962 3808 ΑΛ.
2000 3752 2150 3824 Mag.
2187 3759 2338 3812 1823.

223 3852 281 3906 8.
311 3874 385 3889 -·
432 3854 489 3901 et
548 3861 668 3900 cum
711 3842 1120 3917 praefi-Bardi.
1203 3844 1403 3918 Lips.
1451 3844 1702 3902 Teubner
1747 3851 1898 3905 1753.
1920 3888 1938 3914 ‚
1983 3865 2122 3919 quae
2161 3849 2336 3903 multis

228 3940 422 3995 erratis
465 3937 862 4010 typographicis
907 3947 1077 3994 scatet
1125 3947 1286 4010 atque
1330 3938 1475 3996 haud
1516 3940 1629 3994 acio
1675 3957 1745 3994 an
1788 3958 1822 3995 a
1863 3939 1909 3996 1.
1951 3939 2020 3998 G.
2057 3942 2339 3997 Richter-o

225 4033 350 4107 [qui
395 4032 589 4088 eodem
637 4048 782 4088 anno
832 4032 976 4106 apud
1036 4033 1282 4090 eumdem
1336 4033 1683 4107 bibliopolam
1739 4036 2045 4091 versionem
2100 4051 2338 4107 german.

226 4124 423 4199 edidit]
469 4133 655 4181 curata
702 4126 788 4181 nit.

365 4223 462 4290 52)
499 4249 573 4260 -
607 4219 694 4275 ed.
732 4230 789 4275 et
821 4220 985 4276 vitam
1032 4222 1266 4276 auctoris
1316 4237 1432 4277 cum
1476 4221 1743 4276 nonnullis
1796 4221 2166 4278 additamenti·
2216 4223 2339 4295 [in-

223 4315 345 4371 dice
389 4309 682 4370 verborum
710 4311 953 4372 Boethio
999 4317 1335 4388 propriorum
1382 4324 1436 4370 et
1465 4314 1647 4370 libello
1683 4316 1755 4371 de
1783 4315 1989 4385 metris]
2021 4302 2212 4373 adiecit
2250 4294 2333 4374 Ιᾶ.

231 4407 444 4467 Thena.
483 4405 654 4479 Bena’.
688 4406 1009 4481 Helfrecltt.
1049 4407 1241 4465 Curiae
1270 4408 1616 4480 Regnitianae
1634 4448 1651 4476 ,
1685 4427 1774 4481 ap.
1807 4407 1871 4463 G.
1906 4410 1971 4465 A.
2010 4409 2155 4467 Grau
2189 4418 2336 4472 1797.
