2867 5125
640 445 765 517 116
1385 442 1948 510 anssnv.

639 615 733 683 ita
787 616 938 698 sint,
992 624 1215 680 manet
1267 611 1652 680 intemerata
1705 612 2090 681 mortalibus
2127 613 2387 681 'arbitrii
2427 613 2708 694 libertae*

640 723 768 769 nee
811 701 1071 786 iniquae
1111 700 1297 784 leges
1337 698 1572 765 solutis
1616 702 1792 766 omni
1831 702 2227 767 necessitate
2275 702 2703 767 voluntatibus·

642 789 937 876 praemia
978 806 1357 871 poenasque
1400 799 1792 871 proponunt.
1877 788 2104 853 Manet
2146 789 2342 851 etiam
2387 800 2704 872 spectator

642 877 925 958 desuper
983 885 1363 937 cunctorum
1427 876 1764 955 praescius
1834 875 1998 938 deus
2018 919 2038 952 ‚
2106 874 2508 958 visionisque
2576 877 2704 939 eius

549 967 596 1036 ὅ
649 980 971 1046 praeseus
1015 979 1275 1043 semper
1316 960 1672 1024 aeternitas
1713 981 1863 1025 eum
1901 970 2269 1025 nostrorum
2309 971 2570 1024 actuum
2615 960 2701 1025 fu·

648 1058 793 1112 tura
835 1045 1143 1131 qualitate
1187 1046 1538 1123 concurrit,
1580 1046 1773 1131 bonis
1813 1047 2127 1131 praemia,
2171 1045 2365 1111 malis
2395 1045 2703 1130 supplicia

644 1133 1056 1217 dispensans,
1140 1129 1285 1195 Nee
1328 1130 1576 1196 frustra
1616 1143 1769 1197 sunt
1807 1134 1874 1197 in
1923 1134 2049 1196 deo
2089 1133 2348 1217 positae
2388 1152 2545 1216 spes
2571 1147 2700 1216 pre·

645 1233 909 1303 easque,
954 1238 1126 1303 quae
1167 1238 1315 1281 eum
1359 1228 1582 1282 rectae
1612 1220 1761 1297 sint,
1792 1215 2167 1283 inefficaces
2209 1238 2372 1283 esse-
2403 1237 2534 1282 non
2565 1238 2699 1302 pos-

646 1315 815 1370 sunt.
899 1303 1312 1368 Aversamini
1352 1303 1551 1385 igitur
1588 1304 1767 1383 vitia,
1812 1302 2007 1369 colite
2049 1305 2345 1380 virtutes,
2388 1305 2475 1368 ad
2502 1315 2699 1369 rectas

514 1387 599 1455 lo
651 1410 809 1475 spes
885 1390 1167 1454 animum
1239 1387 1619 1470 sublevate,
1694 1388 1972 1455 humiles
2037 1410 2274 1473 preces
2330 1390 2395 1454 in
2452 1390 2703 1455 excelsa

644 1475 992 1562 porrigitez
1051 1494 1293 1557 magna
1346 1474 1539 1539 vobis
1595 1486 1722 1556 est,
1777 1476 1835 1542 si
1876 1474 2284 1541 dissimulare
2326 1496 2458 1540 nou
2498 1475 2700 1553 vultiS,

643 1563 1007 1638 neeessitas
1061 1561 1306 1625 indicta
1367 1561 1711 1643 probitatis
1726 1606 1749 1642 ,
1813 1582 1965 1629 eum
2022 1571 2179 1628 ante
2235 1561 2469 1629 oeulos
2524 1562 2700 1646 agitis

374 1623 543 1805 χ
598 1717 604 1724 ,
644 1648 879 1768 iudieis
921 1656 1159 1713 cuneta
1201 1647 1545 1744 cernentis.

781 1833 832 1888 4.
869 1833 1001 1887 deus
1031 1848 1238 1904 praesc.
1279 1831 1424 1885 0.-
1460 1837 1512 1890 8.
1545 1840 1791 1899 receptae
1826 1833 1930 1886 sint
1962 1827 2060 1886 T1.
2096 1840 2217 1886 sunt
2257 1829 2486 1886 Va11.-
2521 1838 2604 1888 11.
2632 1838 2700 1885 est

646 1919 759 1958 om.
793 1901 875 1968 D,
924 1900 1075 1955 Vino.
1111 1900 1258 1953 Bell.
1292 1900 1349 1953 d.
1396 1899 1459 1965 V,
1488 1904 1570 1957 39.
1632 1900 1725 1967 Vl,
1754 1904 1839 1958 35.
1885 1907 1944 1955 et
1981 1900 2256 1983 ltXX112
2288 1906 2372 1956 20.
2411 1918 2584 1971 magu.
2630 1908 2700 1953 est

644 1973 773 2026 vob.
803 1988 844 2043 9
895 1985 1068 2041 magn.
1108 1970 1325 2040 insuper
1366 1969 1493 2022 vob.
1523 1972 1649 2023 i.—-
1701 1975 1781 2027 12.
1818 1970 1985 2023 indita
2030 1966 2193 2024 Vel)
2236 1969 2458 2024 indictae
2491 1986 2561 2040 eq
2604 1967 2697 2023 ind.

649 2050 731 2094 est
763 2056 877 2093 nec.-
929 2038 1083 2109 prob.
1131 2035 1282 2091 Vino.
1322 2037 1381 2090 ll.
1422 2037 1481 2090 Il.
1535 2039 1772 2108 probitas
1811 2038 1879 2091 A.
1928 2038 2097 2119 agatis
2135 2036 2203 2091 L.
2224 2066 2288 2078 --
2350 2034 2580 2107 Explicit
2617 2036 2696 2089 lib.

646 2107 826 2163 boetii.
879 2106 936 2161 G.
973 2119 1116 2161 cem.
1153 2108 1339 2158 Amen.
1409 2103 1581 2176 Eplic.
1620 2107 1706 2160 lib.
1736 2105 1806 2161 V.
1841 2106 2020 2162 boetti-
2055 2105 2181 2161 Deo
2210 2106 2419 2177 gratias.
2466 2125 2525 2182 9.
2573 2119 2695 2160 cern·

646 2174 787 2234 Pini-
820 2177 1051 2231 omuium
1084 2175 1336 2231 librorum
1371 2174 1582 2230 bohecii
1613 2174 1664 2244 f.
1695 2198 1766 2217 ⁶-
