<?xml version="1.0" encoding="UTF-8"?>
<!DOCTYPE html PUBLIC "-//W3C//DTD XHTML 1.0 Transitional//EN"
    "http://www.w3.org/TR/xhtml1/DTD/xhtml1-transitional.dtd">
<html xmlns="http://www.w3.org/1999/xhtml" xml:lang="en" lang="en">
 <head>
  <title>
</title>
<meta http-equiv="Content-Type" content="text/html;charset=utf-8" />
  <meta name='ocr-system' content='tesseract 3.04.00' />
  <meta name='ocr-capabilities' content='ocr_page ocr_carea ocr_par ocr_line ocrx_word'/>
</head>
<body>
  <div class='ocr_page' id='page_1' title='image "aniciimanliisev00obbagoog_0404.png"; bbox 0 0 2867 5125; ppageno 0'>
   <div class='ocr_carea' id='block_1_1' title="bbox 502 431 2040 504">
    <p class='ocr_par' dir='ltr' id='par_1_1' title="bbox 502 431 2040 504">
     <span class='ocr_line' id='line_1_1' title="bbox 502 431 2040 504; baseline -0.001 -4"><span class='ocrx_word' id='word_1_1' title='bbox 502 431 636 502; x_wconf 82' lang='lat'>138·</span> <span class='ocrx_word' id='word_1_2' title='bbox 1008 438 2040 504; x_wconf 62' lang='lat' dir='ltr'><strong>Anno‘ramronas</strong></span> 
     </span>
    </p>
   </div>
   <div class='ocr_carea' id='block_1_2' title="bbox 494 604 2612 3728">
    <p class='ocr_par' dir='ltr' id='par_1_2' title="bbox 497 604 2596 1500">
     <span class='ocr_line' id='line_1_2' title="bbox 501 604 2590 690; baseline -0 -21"><span class='ocrx_word' id='word_1_3' title='bbox 501 609 632 685; x_wconf 90' lang='grc'><strong>2.),</strong></span> <span class='ocrx_word' id='word_1_4' title='bbox 687 608 895 671; x_wconf 80' lang='lat' dir='ltr'><strong>Iacob.</strong></span> <span class='ocrx_word' id='word_1_5' title='bbox 946 612 1195 688; x_wconf 82' lang='lat' dir='ltr'><strong>Quaest.</strong></span> <span class='ocrx_word' id='word_1_6' title='bbox 1240 610 1357 689; x_wconf 87' lang='lat' dir='ltr'><strong>Ep.</strong></span> <span class='ocrx_word' id='word_1_7' title='bbox 1401 628 1467 687; x_wconf 87' lang='lat' dir='ltr'><strong>p.</strong></span> <span class='ocrx_word' id='word_1_8' title='bbox 1518 607 1658 671; x_wconf 90' lang='grc'><strong>156.</strong></span> <span class='ocrx_word' id='word_1_9' title='bbox 1762 611 1943 687; x_wconf 82' lang='lat' dir='ltr'><strong>Quod</strong></span> <span class='ocrx_word' id='word_1_10' title='bbox 1986 611 2148 670; x_wconf 79' lang='lat' dir='ltr'><strong>infra</strong></span> <span class='ocrx_word' id='word_1_11' title='bbox 2193 607 2421 690; x_wconf 84' lang='lat' dir='ltr'><strong>legitur</strong></span> <span class='ocrx_word' id='word_1_12' title='bbox 2465 604 2590 670; x_wconf 90' lang='lat'><strong>111.</strong></span> 
     </span>
     <span class='ocr_line' id='line_1_3' title="bbox 502 707 2594 791; baseline 0 -19"><span class='ocrx_word' id='word_1_13' title='bbox 502 729 689 772; x_wconf 83' lang='lat' dir='ltr'><strong>carm.</strong></span> <span class='ocrx_word' id='word_1_14' title='bbox 750 712 824 786; x_wconf 96' lang='grc'><strong>2,</strong></span> <span class='ocrx_word' id='word_1_15' title='bbox 892 710 989 771; x_wconf 95' lang='grc'><strong>11.</strong></span> <span class='ocrx_word' id='word_1_16' title='bbox 1046 714 1218 771; x_wconf 71' lang='lat' dir='ltr'><strong>horr.</strong></span> <span class='ocrx_word' id='word_1_17' title='bbox 1279 731 1394 772; x_wconf 82' lang='lat' dir='ltr'><strong>ora</strong></span> <span class='ocrx_word' id='word_1_18' title='bbox 1454 707 1739 791; x_wconf 56' lang='lat' dir='ltr'><strong>(leonae)</strong></span> <span class='ocrx_word' id='word_1_19' title='bbox 1788 714 1853 770; x_wconf 85' lang='lat' dir='ltr'><strong>et</strong></span> <span class='ocrx_word' id='word_1_20' title='bbox 1919 711 2085 771; x_wconf 89' lang='lat' dir='ltr'><strong>Cort.</strong></span> <span class='ocrx_word' id='word_1_21' title='bbox 2130 715 2422 786; x_wconf 83' lang='lat' dir='ltr'><strong>mutavit,</strong></span> <span class='ocrx_word' id='word_1_22' title='bbox 2469 715 2594 772; x_wconf 88' lang='lat' dir='ltr'><strong>huc</strong></span> 
     </span>
     <span class='ocr_line' id='line_1_4' title="bbox 502 814 2596 892; baseline 0 -18"><span class='ocrx_word' id='word_1_23' title='bbox 502 832 745 892; x_wconf 81' lang='lat' dir='ltr'><strong>quoque</strong></span> <span class='ocrx_word' id='word_1_24' title='bbox 791 816 1076 891; x_wconf 82' lang='lat' dir='ltr'><strong>pertinet.</strong></span> <span class='ocrx_word' id='word_1_25' title='bbox 1161 816 1334 875; x_wconf 81' lang='lat' dir='ltr'><strong>Arva</strong></span> <span class='ocrx_word' id='word_1_26' title='bbox 1391 817 1457 873; x_wconf 91' lang='lat' dir='ltr'><strong>et</strong></span> <span class='ocrx_word' id='word_1_27' title='bbox 1514 815 1793 873; x_wconf 73' lang='lat' dir='ltr'><strong>hosticus</strong></span> <span class='ocrx_word' id='word_1_28' title='bbox 1848 814 2075 872; x_wconf 83' lang='lat' dir='ltr'><strong>invenit</strong></span> <span class='ocrx_word' id='word_1_29' title='bbox 2132 816 2315 874; x_wconf 88' lang='lat' dir='ltr'><strong>etiam</strong></span> <span class='ocrx_word' id='word_1_30' title='bbox 2373 816 2596 875; x_wconf 75' lang='lat' dir='ltr'><strong>Plan.=</strong></span> 
     </span>
     <span class='ocr_line' id='line_1_5' title="bbox 500 909 2593 989; baseline -0 -14"><span class='ocrx_word' id='word_1_31' title='bbox 500 921 648 989; x_wconf 75' lang='grc' dir='ltr'>μίσει</span> <span class='ocrx_word' id='word_1_32' title='bbox 680 937 739 974; x_wconf 74' lang='grc' dir='ltr'><strong>τε</strong></span> <span class='ocrx_word' id='word_1_33' title='bbox 774 920 961 987; x_wconf 80' lang='grc' dir='ltr'><em>δριμεῖ</em></span> <span class='ocrx_word' id='word_1_34' title='bbox 989 915 1205 988; x_wconf 55' lang='lat' dir='ltr'><strong>&amp;mooe</strong></span> <span class='ocrx_word' id='word_1_35' title='bbox 1257 909 1420 973; x_wconf 79' lang='grc' dir='ltr'><strong><em>οὔπω</em></strong></span> <span class='ocrx_word' id='word_1_36' title='bbox 1455 916 1672 985; x_wconf 65' lang='grc' dir='ltr'><strong><em>φοίνιξι</em></strong></span> <span class='ocrx_word' id='word_1_37' title='bbox 1716 915 1891 971; x_wconf 81' lang='grc' dir='ltr'><strong><em>πέδον</em></strong></span> <span class='ocrx_word' id='word_1_38' title='bbox 1937 917 2331 988; x_wconf 74' lang='grc' dir='ltr'><strong><em>βλοσυρωπόν·</em></strong></span> <span class='ocrx_word' id='word_1_39' title='bbox 2380 920 2438 972; x_wconf 80' lang='grc' dir='ltr'><strong>τί</strong></span> <span class='ocrx_word' id='word_1_40' title='bbox 2469 914 2593 974; x_wconf 79' lang='grc' dir='ltr'><strong><em>ποτ’</em></strong></span> 
     </span>
     <span class='ocr_line' id='line_1_6' title="bbox 499 1013 2594 1091; baseline 0 -15"><span class='ocrx_word' id='word_1_41' title='bbox 499 1016 608 1091; x_wconf 77' lang='grc' dir='ltr'><strong>εἶχε</strong></span> <span class='ocrx_word' id='word_1_42' title='bbox 640 1017 746 1090; x_wconf 75' lang='grc' dir='ltr'><strong>γὰρ</strong></span> <span class='ocrx_word' id='word_1_43' title='bbox 781 1016 1007 1088; x_wconf 67' lang='grc' dir='ltr'><strong><em>ἔχθριος</em></strong></span> <span class='ocrx_word' id='word_1_44' title='bbox 1038 1013 1176 1089; x_wconf 77' lang='grc' dir='ltr'><strong>ὀργὴ</strong></span> <span class='ocrx_word' id='word_1_45' title='bbox 1229 1020 1344 1075; x_wconf 84' lang='lat' dir='ltr'><strong>etc.</strong></span> <span class='ocrx_word' id='word_1_46' title='bbox 1396 1020 1461 1076; x_wconf 87' lang='lat' dir='ltr'><strong>et</strong></span> <span class='ocrx_word' id='word_1_47' title='bbox 1503 1015 1623 1075; x_wconf 84' lang='lat' dir='ltr'><strong>def.</strong></span> <span class='ocrx_word' id='word_1_48' title='bbox 1670 1013 1939 1075; x_wconf 87' lang='lat' dir='ltr'><strong>Lindem.</strong></span> <span class='ocrx_word' id='word_1_49' title='bbox 1992 1017 2053 1075; x_wconf 92' lang='lat' dir='ltr'><strong>in</strong></span> <span class='ocrx_word' id='word_1_50' title='bbox 2114 1017 2238 1077; x_wconf 86' lang='lat' dir='ltr'><strong>Sel.</strong></span> <span class='ocrx_word' id='word_1_51' title='bbox 2295 1016 2472 1077; x_wconf 88' lang='lat' dir='ltr'><strong>Poet.</strong></span> <span class='ocrx_word' id='word_1_52' title='bbox 2520 1019 2594 1077; x_wconf 89' lang='grc' dir='ltr'><strong>Τ.</strong></span> 
     </span>
     <span class='ocr_line' id='line_1_7' title="bbox 497 1110 2594 1199; baseline -0.002 -19"><span class='ocrx_word' id='word_1_53' title='bbox 497 1110 583 1180; x_wconf 90' lang='lat' dir='ltr'><strong>II.</strong></span> <span class='ocrx_word' id='word_1_54' title='bbox 632 1139 693 1195; x_wconf 89' lang='lat' dir='ltr'><strong>p.</strong></span> <span class='ocrx_word' id='word_1_55' title='bbox 745 1115 905 1195; x_wconf 83' lang='grc'><strong>119,·</strong></span> <span class='ocrx_word' id='word_1_56' title='bbox 960 1118 1239 1177; x_wconf 74' lang='lat' dir='ltr'><strong>hosticus</strong></span> <span class='ocrx_word' id='word_1_57' title='bbox 1283 1117 1546 1176; x_wconf 81' lang='lat' dir='ltr'><strong>fortasse</strong></span> <span class='ocrx_word' id='word_1_58' title='bbox 1591 1135 1688 1192; x_wconf 90' lang='lat' dir='ltr'><strong>ap.</strong></span> <span class='ocrx_word' id='word_1_59' title='bbox 1736 1115 1928 1194; x_wconf 87' lang='lat' dir='ltr'><strong>Prop.</strong></span> <span class='ocrx_word' id='word_1_60' title='bbox 1985 1113 2074 1178; x_wconf 89' lang='lat'><strong>111</strong></span> <span class='ocrx_word' id='word_1_61' title='bbox 2130 1113 2282 1199; x_wconf 87' lang='lat' dir='ltr'>(II),</span> <span class='ocrx_word' id='word_1_62' title='bbox 2352 1119 2448 1192; x_wconf 84' lang='lat'><strong>13,</strong></span> <span class='ocrx_word' id='word_1_63' title='bbox 2492 1118 2594 1177; x_wconf 88' lang='grc'><strong>48.</strong></span> 
     </span>
     <span class='ocr_line' id='line_1_8' title="bbox 504 1218 2594 1299; baseline -0 -18"><span class='ocrx_word' id='word_1_64' title='bbox 504 1218 948 1281; x_wconf 86' lang='lat' dir='ltr'><strong>emendandum</strong></span> <span class='ocrx_word' id='word_1_65' title='bbox 994 1220 1123 1277; x_wconf 71' lang='lat' dir='ltr'><strong>este</strong></span> <span class='ocrx_word' id='word_1_66' title='bbox 1168 1219 1336 1295; x_wconf 70' lang='lat' dir='ltr'><strong>Quis</strong></span> <span class='ocrx_word' id='word_1_67' title='bbox 1379 1227 1506 1278; x_wconf 82' lang='lat' dir='ltr'><strong>tam</strong></span> <span class='ocrx_word' id='word_1_68' title='bbox 1550 1221 1890 1297; x_wconf 66' lang='lat' dir='ltr'><strong>longaevae</strong></span> <span class='ocrx_word' id='word_1_69' title='bbox 1940 1221 2269 1280; x_wconf 72' lang='lat' dir='ltr'><strong><em>minuisset</em></strong></span> <span class='ocrx_word' id='word_1_70' title='bbox 2304 1221 2447 1299; x_wconf 82' lang='lat' dir='ltr'><strong>fata</strong></span> <span class='ocrx_word' id='word_1_71' title='bbox 2488 1242 2594 1281; x_wconf 74' lang='lat' dir='ltr'><strong>se-</strong></span> 
     </span>
     <span class='ocr_line' id='line_1_9' title="bbox 497 1320 2592 1398; baseline -0.002 -13"><span class='ocrx_word' id='word_1_72' title='bbox 497 1330 753 1396; x_wconf 75' lang='lat' dir='ltr'><strong>nectae,</strong></span> <span class='ocrx_word' id='word_1_73' title='bbox 795 1322 1100 1382; x_wconf 65' lang='lat' dir='ltr'><strong>Hostis-us</strong></span> <span class='ocrx_word' id='word_1_74' title='bbox 1152 1320 1377 1381; x_wconf 74' lang='lat' dir='ltr'><strong>Iliacis</strong></span> <span class='ocrx_word' id='word_1_75' title='bbox 1419 1323 1599 1381; x_wconf 78' lang='lat' dir='ltr'><strong>miles</strong></span> <span class='ocrx_word' id='word_1_76' title='bbox 1640 1323 1706 1380; x_wconf 81' lang='lat' dir='ltr'><strong>in</strong></span> <span class='ocrx_word' id='word_1_77' title='bbox 1747 1321 2103 1398; x_wconf 66' lang='lat' dir='ltr'><strong>aggeribus,</strong></span> <span class='ocrx_word' id='word_1_78' title='bbox 2159 1324 2338 1383; x_wconf 86' lang='lat' dir='ltr'><strong>codd.</strong></span> <span class='ocrx_word' id='word_1_79' title='bbox 2387 1325 2592 1384; x_wconf 69' lang='lat' dir='ltr'><strong>Galli-</strong></span> 
     </span>
     <span class='ocr_line' id='line_1_10' title="bbox 501 1421 2083 1500; baseline -0.004 -12"><span class='ocrx_word' id='word_1_80' title='bbox 501 1447 634 1488; x_wconf 70' lang='grc' dir='ltr'><strong>σιω.</strong></span> <span class='ocrx_word' id='word_1_81' title='bbox 677 1455 764 1469; x_wconf 94' lang='lat'><em>-</em></span> <span class='ocrx_word' id='word_1_82' title='bbox 847 1442 904 1483; x_wconf 81' lang='lat' dir='ltr'><strong>v.</strong></span> <span class='ocrx_word' id='word_1_83' title='bbox 950 1421 1053 1480; x_wconf 87' lang='grc'><strong>27.</strong></span> <span class='ocrx_word' id='word_1_84' title='bbox 1094 1423 1340 1496; x_wconf 72' lang='lat' dir='ltr'><strong>primus</strong></span> <span class='ocrx_word' id='word_1_85' title='bbox 1386 1423 1528 1500; x_wconf 76' lang='lat' dir='ltr'><strong>quis</strong></span> <span class='ocrx_word' id='word_1_86' title='bbox 1575 1423 1754 1482; x_wconf 87' lang='lat' dir='ltr'><strong>etiam</strong></span> <span class='ocrx_word' id='word_1_87' title='bbox 1797 1423 1953 1483; x_wconf 86' lang='lat' dir='ltr'><strong>Vall.</strong></span> <span class='ocrx_word' id='word_1_88' title='bbox 1995 1453 2083 1468; x_wconf 90' lang='lat'><strong>--</strong></span> 
     </span>
    </p>

    <p class='ocr_par' dir='ltr' id='par_1_3' title="bbox 494 1520 2612 3728">
     <span class='ocr_line' id='line_1_11' title="bbox 670 1520 2597 1602; baseline -0.001 -17"><span class='ocrx_word' id='word_1_89' title='bbox 670 1525 821 1601; x_wconf 79' lang='lat' dir='ltr'><strong>Cap.</strong></span> <span class='ocrx_word' id='word_1_90' title='bbox 868 1525 972 1584; x_wconf 88' lang='lat' dir='ltr'><strong>VI.</strong></span> <span class='ocrx_word' id='word_1_91' title='bbox 1016 1542 1079 1600; x_wconf 91' lang='lat' dir='ltr'><strong>p.</strong></span> <span class='ocrx_word' id='word_1_92' title='bbox 1126 1523 1227 1597; x_wconf 84' lang='lat'><strong>33,</strong></span> <span class='ocrx_word' id='word_1_93' title='bbox 1279 1520 1375 1583; x_wconf 89' lang='grc'><strong>10.</strong></span> <span class='ocrx_word' id='word_1_94' title='bbox 1429 1523 1608 1597; x_wconf 83' lang='lat' dir='ltr'><strong>prob.</strong></span> <span class='ocrx_word' id='word_1_95' title='bbox 1656 1521 1824 1602; x_wconf 75' lang='lat' dir='ltr'><strong>defi]</strong></span> <span class='ocrx_word' id='word_1_96' title='bbox 1892 1524 2073 1600; x_wconf 80' lang='lat' dir='ltr'><strong>Quod</strong></span> <span class='ocrx_word' id='word_1_97' title='bbox 2128 1524 2349 1584; x_wconf 90' lang='lat' dir='ltr'><strong>Boeth.</strong></span> <span class='ocrx_word' id='word_1_98' title='bbox 2409 1542 2597 1600; x_wconf 86' lang='lat' dir='ltr'><strong>saepe</strong></span> 
     </span>
     <span class='ocr_line' id='line_1_12' title="bbox 501 1625 2600 1703; baseline -0.003 -14"><span class='ocrx_word' id='word_1_99' title='bbox 501 1647 605 1689; x_wconf 88' lang='lat' dir='ltr'><strong>eas</strong></span> <span class='ocrx_word' id='word_1_100' title='bbox 665 1627 946 1686; x_wconf 87' lang='lat' dir='ltr'><strong>notiones</strong></span> <span class='ocrx_word' id='word_1_101' title='bbox 1006 1626 1083 1686; x_wconf 90' lang='lat' dir='ltr'><strong>de</strong></span> <span class='ocrx_word' id='word_1_102' title='bbox 1146 1627 1365 1701; x_wconf 88' lang='lat' dir='ltr'><strong>quibus</strong></span> <span class='ocrx_word' id='word_1_103' title='bbox 1423 1626 1553 1703; x_wconf 83' lang='lat' dir='ltr'><strong>agit</strong></span> <span class='ocrx_word' id='word_1_104' title='bbox 1610 1627 1873 1700; x_wconf 85' lang='lat' dir='ltr'><strong>omittit,</strong></span> <span class='ocrx_word' id='word_1_105' title='bbox 1930 1632 2001 1684; x_wconf 86' lang='lat' dir='ltr'><strong>ut</strong></span> <span class='ocrx_word' id='word_1_106' title='bbox 2044 1644 2082 1685; x_wconf 90' lang='lat' dir='ltr'><strong>a</strong></span> <span class='ocrx_word' id='word_1_107' title='bbox 2122 1625 2456 1685; x_wconf 85' lang='lat' dir='ltr'><strong>lectoribus</strong></span> <span class='ocrx_word' id='word_1_108' title='bbox 2502 1627 2600 1683; x_wconf 87' lang='lat' dir='ltr'><strong>in-</strong></span> 
     </span>
     <span class='ocr_line' id='line_1_13' title="bbox 497 1725 2598 1808; baseline -0 -19"><span class='ocrx_word' id='word_1_109' title='bbox 497 1729 902 1808; x_wconf 85' lang='lat' dir='ltr'><strong>tellegantur,</strong></span> <span class='ocrx_word' id='word_1_110' title='bbox 960 1729 1061 1788; x_wconf 92' lang='lat' dir='ltr'><strong>hic</strong></span> <span class='ocrx_word' id='word_1_111' title='bbox 1123 1730 1340 1788; x_wconf 75' lang='lat' dir='ltr'><strong>honor.</strong></span> <span class='ocrx_word' id='word_1_112' title='bbox 1401 1727 1632 1802; x_wconf 79' lang='lat' dir='ltr'><strong>delevi,</strong></span> <span class='ocrx_word' id='word_1_113' title='bbox 1692 1729 1853 1787; x_wconf 87' lang='lat' dir='ltr'><strong>sicut</strong></span> <span class='ocrx_word' id='word_1_114' title='bbox 1893 1729 1981 1801; x_wconf 87' lang='lat' dir='ltr'><strong>V,</strong></span> <span class='ocrx_word' id='word_1_115' title='bbox 2043 1726 2101 1787; x_wconf 87' lang='grc'><strong>3.</strong></span> <span class='ocrx_word' id='word_1_116' title='bbox 2164 1747 2225 1804; x_wconf 93' lang='lat' dir='ltr'><strong>p.</strong></span> <span class='ocrx_word' id='word_1_117' title='bbox 2275 1725 2434 1801; x_wconf 92' lang='grc'><strong>101,</strong></span> <span class='ocrx_word' id='word_1_118' title='bbox 2499 1725 2598 1788; x_wconf 92' lang='grc'><strong>12.</strong></span> 
     </span>
     <span class='ocr_line' id='line_1_14' title="bbox 497 1828 2602 1908; baseline -0.003 -13"><span class='ocrx_word' id='word_1_119' title='bbox 497 1853 626 1905; x_wconf 75' lang='lat' dir='ltr'><strong>res,</strong></span> <span class='ocrx_word' id='word_1_120' title='bbox 670 1830 768 1890; x_wconf 80' lang='lat' dir='ltr'><strong>vd.</strong></span> <span class='ocrx_word' id='word_1_121' title='bbox 811 1829 949 1889; x_wconf 85' lang='lat' dir='ltr'><strong>Not.</strong></span> <span class='ocrx_word' id='word_1_122' title='bbox 993 1830 1097 1901; x_wconf 68' lang='lat' dir='ltr'><strong>ib„</strong></span> <span class='ocrx_word' id='word_1_123' title='bbox 1147 1829 1378 1887; x_wconf 86' lang='lat' dir='ltr'><strong>Comm.</strong></span> <span class='ocrx_word' id='word_1_124' title='bbox 1423 1831 1488 1888; x_wconf 87' lang='lat' dir='ltr'><strong>in</strong></span> <span class='ocrx_word' id='word_1_125' title='bbox 1533 1832 1691 1908; x_wconf 84' lang='lat' dir='ltr'><strong>Top.</strong></span> <span class='ocrx_word' id='word_1_126' title='bbox 1737 1831 1865 1889; x_wconf 86' lang='lat' dir='ltr'><strong>Cic.</strong></span> <span class='ocrx_word' id='word_1_127' title='bbox 1907 1849 1969 1906; x_wconf 93' lang='lat' dir='ltr'><strong>p.</strong></span> <span class='ocrx_word' id='word_1_128' title='bbox 2015 1828 2160 1904; x_wconf 88' lang='grc'><strong>288,</strong></span> <span class='ocrx_word' id='word_1_129' title='bbox 2205 1829 2306 1890; x_wconf 82' lang='grc'><strong>24.</strong></span> <span class='ocrx_word' id='word_1_130' title='bbox 2365 1833 2602 1890; x_wconf 77' lang='lat' dir='ltr'><strong>oratio-</strong></span> 
     </span>
     <span class='ocr_line' id='line_1_15' title="bbox 498 1927 2601 2010; baseline -0.003 -13"><span class='ocrx_word' id='word_1_131' title='bbox 498 1956 647 2007; x_wconf 72' lang='grc' dir='ltr'><strong>ηεε,</strong></span> <span class='ocrx_word' id='word_1_132' title='bbox 708 1953 772 2010; x_wconf 90' lang='lat' dir='ltr'><strong>p.</strong></span> <span class='ocrx_word' id='word_1_133' title='bbox 833 1930 994 2006; x_wconf 79' lang='lat'><strong>345,</strong></span> <span class='ocrx_word' id='word_1_134' title='bbox 1054 1930 1155 1990; x_wconf 87' lang='grc'><strong>29.</strong></span> <span class='ocrx_word' id='word_1_135' title='bbox 1220 1931 1506 2007; x_wconf 71' lang='lat' dir='ltr'><strong>tabulas,</strong></span> <span class='ocrx_word' id='word_1_136' title='bbox 1550 1950 1613 2008; x_wconf 90' lang='lat' dir='ltr'><strong>p.</strong></span> <span class='ocrx_word' id='word_1_137' title='bbox 1660 1929 1820 2007; x_wconf 85' lang='grc'><strong>349,</strong></span> <span class='ocrx_word' id='word_1_138' title='bbox 1866 1927 1967 1989; x_wconf 82' lang='grc'><strong>46.</strong></span> <span class='ocrx_word' id='word_1_139' title='bbox 2030 1931 2187 1992; x_wconf 76' lang='lat' dir='ltr'><strong>locis</strong></span> <span class='ocrx_word' id='word_1_140' title='bbox 2246 1948 2601 2010; x_wconf 76' lang='lat' dir='ltr'><strong>expungere</strong></span> 
     </span>
     <span class='ocr_line' id='line_1_16' title="bbox 499 2033 2603 2109; baseline -0.002 -12"><span class='ocrx_word' id='word_1_141' title='bbox 499 2036 696 2109; x_wconf 88' lang='lat' dir='ltr'><strong>malo,</strong></span> <span class='ocrx_word' id='word_1_142' title='bbox 758 2052 916 2109; x_wconf 83' lang='lat' dir='ltr'><strong>quae</strong></span> <span class='ocrx_word' id='word_1_143' title='bbox 972 2034 1158 2092; x_wconf 83' lang='lat' dir='ltr'><strong>verba</strong></span> <span class='ocrx_word' id='word_1_144' title='bbox 1201 2034 1264 2092; x_wconf 90' lang='lat' dir='ltr'><strong>in</strong></span> <span class='ocrx_word' id='word_1_145' title='bbox 1307 2050 1473 2091; x_wconf 88' lang='lat' dir='ltr'><strong>recc.</strong></span> <span class='ocrx_word' id='word_1_146' title='bbox 1521 2035 1759 2093; x_wconf 89' lang='lat' dir='ltr'><strong>tantum</strong></span> <span class='ocrx_word' id='word_1_147' title='bbox 1803 2033 1982 2092; x_wconf 82' lang='lat' dir='ltr'><strong>codd.</strong></span> <span class='ocrx_word' id='word_1_148' title='bbox 2031 2037 2254 2094; x_wconf 80' lang='lat' dir='ltr'><strong>extant.</strong></span> <span class='ocrx_word' id='word_1_149' title='bbox 2297 2065 2385 2076; x_wconf 93' lang='lat'><strong>--</strong></span> <span class='ocrx_word' id='word_1_150' title='bbox 2469 2035 2603 2093; x_wconf 75' lang='lat' dir='ltr'><strong>Est</strong></span> 
     </span>
     <span class='ocr_line' id='line_1_17' title="bbox 498 2132 2601 2211; baseline -0.002 -13"><span class='ocrx_word' id='word_1_151' title='bbox 498 2158 618 2199; x_wconf 88' lang='lat' dir='ltr'><strong>om.</strong></span> <span class='ocrx_word' id='word_1_152' title='bbox 673 2137 866 2197; x_wconf 79' lang='lat' dir='ltr'><strong>Graff.</strong></span> <span class='ocrx_word' id='word_1_153' title='bbox 914 2164 997 2175; x_wconf 92' lang='grc'>-</span> <span class='ocrx_word' id='word_1_154' title='bbox 1084 2152 1146 2211; x_wconf 91' lang='lat' dir='ltr'><strong>p.</strong></span> <span class='ocrx_word' id='word_1_155' title='bbox 1207 2132 1308 2192; x_wconf 83' lang='lat'><strong>33.</strong></span> <span class='ocrx_word' id='word_1_156' title='bbox 1372 2133 1471 2195; x_wconf 85' lang='lat'><strong>13.</strong></span> <span class='ocrx_word' id='word_1_157' title='bbox 1534 2144 1740 2211; x_wconf 74' lang='lat' dir='ltr'><strong>expet.</strong></span> <span class='ocrx_word' id='word_1_158' title='bbox 1802 2155 2014 2196; x_wconf 83' lang='lat' dir='ltr'><strong>vocem</strong></span> <span class='ocrx_word' id='word_1_159' title='bbox 2076 2137 2404 2196; x_wconf 88' lang='lat' dir='ltr'><strong>barbaram</strong></span> <span class='ocrx_word' id='word_1_160' title='bbox 2461 2135 2601 2193; x_wconf 86' lang='lat' dir='ltr'><strong>iure</strong></span> 
     </span>
     <span class='ocr_line' id='line_1_18' title="bbox 501 2234 2600 2319; baseline -0.004 -18"><span class='ocrx_word' id='word_1_161' title='bbox 501 2241 795 2319; x_wconf 81' lang='lat' dir='ltr'><strong>dampnat</strong></span> <span class='ocrx_word' id='word_1_162' title='bbox 853 2236 1086 2310; x_wconf 83' lang='lat' dir='ltr'><strong>Cally.‚</strong></span> <span class='ocrx_word' id='word_1_163' title='bbox 1146 2255 1284 2295; x_wconf 89' lang='lat' dir='ltr'><strong>nam</strong></span> <span class='ocrx_word' id='word_1_164' title='bbox 1331 2238 1480 2296; x_wconf 84' lang='lat' dir='ltr'><strong>Tac.</strong></span> <span class='ocrx_word' id='word_1_165' title='bbox 1537 2238 1697 2297; x_wconf 85' lang='lat' dir='ltr'><strong>Ann.</strong></span> <span class='ocrx_word' id='word_1_166' title='bbox 1742 2240 1905 2313; x_wconf 85' lang='lat' dir='ltr'><strong>XVI,</strong></span> <span class='ocrx_word' id='word_1_167' title='bbox 1952 2239 2056 2314; x_wconf 90' lang='grc'><strong>21,</strong></span> <span class='ocrx_word' id='word_1_168' title='bbox 2105 2238 2158 2298; x_wconf 91' lang='grc'><strong>1.</strong></span> <span class='ocrx_word' id='word_1_169' title='bbox 2204 2258 2238 2298; x_wconf 85' lang='lat' dir='ltr'><strong>e</strong></span> <span class='ocrx_word' id='word_1_170' title='bbox 2282 2234 2441 2296; x_wconf 88' lang='lat' dir='ltr'><strong>Med.</strong></span> <span class='ocrx_word' id='word_1_171' title='bbox 2488 2234 2600 2294; x_wconf 88' lang='lat' dir='ltr'><strong>alt.</strong></span> 
     </span>
     <span class='ocr_line' id='line_1_19' title="bbox 497 2338 2599 2421; baseline -0.004 -17"><span class='ocrx_word' id='word_1_172' title='bbox 497 2361 664 2404; x_wconf 85' lang='lat' dir='ltr'><strong>nunc</strong></span> <span class='ocrx_word' id='word_1_173' title='bbox 711 2341 1122 2416; x_wconf 73' lang='lat' dir='ltr'><strong>expectabilis</strong></span> <span class='ocrx_word' id='word_1_174' title='bbox 1164 2339 1517 2418; x_wconf 61' lang='lat' dir='ltr'><strong>legitur.⁶-</strong></span> <span class='ocrx_word' id='word_1_175' title='bbox 1556 2339 1637 2398; x_wconf 89' lang='lat' dir='ltr'><strong>ib.</strong></span> <span class='ocrx_word' id='word_1_176' title='bbox 1692 2338 1789 2400; x_wconf 87' lang='grc'><strong>15.</strong></span> <span class='ocrx_word' id='word_1_177' title='bbox 1835 2341 2059 2421; x_wconf 82' lang='lat' dir='ltr'><strong>Nunc]</strong></span> <span class='ocrx_word' id='word_1_178' title='bbox 2105 2342 2198 2400; x_wconf 87' lang='lat' dir='ltr'><strong>De</strong></span> <span class='ocrx_word' id='word_1_179' title='bbox 2243 2339 2358 2397; x_wconf 89' lang='lat' dir='ltr'><strong>hac</strong></span> <span class='ocrx_word' id='word_1_180' title='bbox 2421 2338 2599 2396; x_wconf 84' lang='lat' dir='ltr'><strong>verbi</strong></span> 
     </span>
     <span class='ocr_line' id='line_1_20' title="bbox 497 2437 2600 2523; baseline -0.002 -21"><span class='ocrx_word' id='word_1_181' title='bbox 497 2441 942 2523; x_wconf 82' lang='lat' dir='ltr'><strong>significatione</strong></span> <span class='ocrx_word' id='word_1_182' title='bbox 988 2443 1067 2501; x_wconf 78' lang='lat' dir='ltr'><strong>cf.</strong></span> <span class='ocrx_word' id='word_1_183' title='bbox 1110 2442 1345 2502; x_wconf 89' lang='lat' dir='ltr'><strong>Manut.</strong></span> <span class='ocrx_word' id='word_1_184' title='bbox 1391 2441 1470 2500; x_wconf 86' lang='lat' dir='ltr'><strong>ad</strong></span> <span class='ocrx_word' id='word_1_185' title='bbox 1503 2442 1629 2501; x_wconf 87' lang='lat' dir='ltr'><strong>Cic.</strong></span> <span class='ocrx_word' id='word_1_186' title='bbox 1664 2443 1779 2519; x_wconf 87' lang='grc' dir='ltr'><strong>ΕΡ.</strong></span> <span class='ocrx_word' id='word_1_187' title='bbox 1820 2443 1899 2501; x_wconf 89' lang='lat' dir='ltr'><strong>ad</strong></span> <span class='ocrx_word' id='word_1_188' title='bbox 1928 2445 2096 2502; x_wconf 85' lang='lat' dir='ltr'><strong>Fam.</strong></span> <span class='ocrx_word' id='word_1_189' title='bbox 2139 2437 2193 2514; x_wconf 92' lang='grc' dir='ltr'><strong>Ῑ,</strong></span> <span class='ocrx_word' id='word_1_190' title='bbox 2240 2437 2298 2498; x_wconf 88' lang='grc'><strong>9.</strong></span> <span class='ocrx_word' id='word_1_191' title='bbox 2349 2439 2600 2513; x_wconf 79' lang='lat' dir='ltr'><strong>Quinct.</strong></span> 
     </span>
     <span class='ocr_line' id='line_1_21' title="bbox 496 2540 2601 2622; baseline -0.003 -16"><span class='ocrx_word' id='word_1_192' title='bbox 496 2540 551 2620; x_wconf 90' lang='lat' dir='ltr'><strong>I,</strong></span> <span class='ocrx_word' id='word_1_193' title='bbox 586 2544 640 2618; x_wconf 92' lang='lat'><strong>1,</strong></span> <span class='ocrx_word' id='word_1_194' title='bbox 677 2543 737 2603; x_wconf 86' lang='lat'><strong>5.</strong></span> <span class='ocrx_word' id='word_1_195' title='bbox 771 2574 855 2588; x_wconf 90' lang='lat'><strong>-—</strong></span> <span class='ocrx_word' id='word_1_196' title='bbox 942 2564 1005 2622; x_wconf 89' lang='lat' dir='ltr'><strong>p.</strong></span> <span class='ocrx_word' id='word_1_197' title='bbox 1044 2542 1146 2617; x_wconf 79' lang='grc'><strong>34,</strong></span> <span class='ocrx_word' id='word_1_198' title='bbox 1192 2544 1253 2603; x_wconf 89' lang='grc'><strong>2.</strong></span> <span class='ocrx_word' id='word_1_199' title='bbox 1302 2540 1584 2622; x_wconf 55' lang='lat' dir='ltr'><strong>vendit-J</strong></span> <span class='ocrx_word' id='word_1_200' title='bbox 1626 2545 1723 2604; x_wconf 89' lang='lat' dir='ltr'><strong>Ita</strong></span> <span class='ocrx_word' id='word_1_201' title='bbox 1767 2545 1829 2604; x_wconf 87' lang='lat' dir='ltr'><strong>in</strong></span> <span class='ocrx_word' id='word_1_202' title='bbox 1879 2546 2195 2622; x_wconf 56' lang='lat' dir='ltr'><strong>antiquiss</strong></span> <span class='ocrx_word' id='word_1_203' title='bbox 2245 2559 2368 2601; x_wconf 88' lang='lat' dir='ltr'><strong>non</strong></span> <span class='ocrx_word' id='word_1_204' title='bbox 2413 2540 2601 2600; x_wconf 90' lang='lat' dir='ltr'><strong>modo</strong></span> 
     </span>
     <span class='ocr_line' id='line_1_22' title="bbox 495 2633 2605 2725; baseline -0.003 -16"><span class='ocrx_word' id='word_1_205' title='bbox 495 2648 716 2709; x_wconf 87' lang='lat' dir='ltr'><strong>Boeth.</strong></span> <span class='ocrx_word' id='word_1_206' title='bbox 779 2645 888 2705; x_wconf 87' lang='lat' dir='ltr'><strong>sed</strong></span> <span class='ocrx_word' id='word_1_207' title='bbox 945 2648 1006 2704; x_wconf 90' lang='lat' dir='ltr'><strong>in</strong></span> <span class='ocrx_word' id='word_1_208' title='bbox 1065 2648 1343 2705; x_wconf 89' lang='lat' dir='ltr'><strong>omnibus</strong></span> <span class='ocrx_word' id='word_1_209' title='bbox 1389 2633 1802 2706; x_wconf 71' lang='lat' dir='ltr'><strong>recentiorum</strong></span> <span class='ocrx_word' id='word_1_210' title='bbox 1862 2650 2230 2725; x_wconf 88' lang='lat' dir='ltr'><strong>scriptorum</strong></span> <span class='ocrx_word' id='word_1_211' title='bbox 2275 2644 2455 2704; x_wconf 87' lang='lat' dir='ltr'><strong>codd.</strong></span> <span class='ocrx_word' id='word_1_212' title='bbox 2505 2644 2605 2703; x_wconf 92' lang='lat' dir='ltr'><strong>le-</strong></span> 
     </span>
     <span class='ocr_line' id='line_1_23' title="bbox 499 2742 2606 2830; baseline -0 -23"><span class='ocrx_word' id='word_1_213' title='bbox 499 2751 697 2830; x_wconf 78' lang='lat' dir='ltr'><strong>gitur,</strong></span> <span class='ocrx_word' id='word_1_214' title='bbox 756 2749 837 2806; x_wconf 79' lang='lat' dir='ltr'><strong>cf.</strong></span> <span class='ocrx_word' id='word_1_215' title='bbox 896 2746 1067 2805; x_wconf 68' lang='lat' dir='ltr'><strong>Cass».</strong></span> <span class='ocrx_word' id='word_1_216' title='bbox 1112 2742 1181 2819; x_wconf 93' lang='grc' dir='ltr'><strong>Ι,</strong></span> <span class='ocrx_word' id='word_1_217' title='bbox 1220 2746 1320 2806; x_wconf 92' lang='grc'><strong>37.</strong></span> <span class='ocrx_word' id='word_1_218' title='bbox 1364 2743 1451 2823; x_wconf 90' lang='grc' dir='ltr'><strong>Π,</strong></span> <span class='ocrx_word' id='word_1_219' title='bbox 1502 2748 1559 2810; x_wconf 81' lang='grc'><strong>4.</strong></span> <span class='ocrx_word' id='word_1_220' title='bbox 1606 2754 1724 2809; x_wconf 88' lang='lat' dir='ltr'><strong>etc.</strong></span> <span class='ocrx_word' id='word_1_221' title='bbox 1809 2749 2052 2810; x_wconf 90' lang='lat' dir='ltr'><strong>Ennod.</strong></span> <span class='ocrx_word' id='word_1_222' title='bbox 2101 2746 2154 2822; x_wconf 90' lang='grc' dir='ltr'><strong>Ι,</strong></span> <span class='ocrx_word' id='word_1_223' title='bbox 2202 2745 2303 2806; x_wconf 91' lang='grc'><strong>40.</strong></span> <span class='ocrx_word' id='word_1_224' title='bbox 2351 2750 2468 2806; x_wconf 85' lang='lat' dir='ltr'><strong>etc.</strong></span> <span class='ocrx_word' id='word_1_225' title='bbox 2512 2776 2606 2789; x_wconf 93' lang='lat'><strong>—</strong></span> 
     </span>
     <span class='ocr_line' id='line_1_24' title="bbox 497 2845 2606 2931; baseline -0.002 -19"><span class='ocrx_word' id='word_1_226' title='bbox 497 2872 560 2929; x_wconf 85' lang='lat' dir='ltr'><strong>p.</strong></span> <span class='ocrx_word' id='word_1_227' title='bbox 607 2850 710 2924; x_wconf 88' lang='grc'><strong>34,</strong></span> <span class='ocrx_word' id='word_1_228' title='bbox 748 2849 807 2910; x_wconf 88' lang='grc'><strong>4.</strong></span> <span class='ocrx_word' id='word_1_229' title='bbox 851 2845 1231 2926; x_wconf 56' lang='lat' dir='ltr'><strong>masculam]</strong></span> <span class='ocrx_word' id='word_1_230' title='bbox 1289 2849 1383 2908; x_wconf 84' lang='lat' dir='ltr'><strong>cf.</strong></span> <span class='ocrx_word' id='word_1_231' title='bbox 1428 2852 1691 2931; x_wconf 82' lang='lat' dir='ltr'><strong>August.</strong></span> <span class='ocrx_word' id='word_1_232' title='bbox 1737 2851 1813 2910; x_wconf 88' lang='lat' dir='ltr'><strong>de</strong></span> <span class='ocrx_word' id='word_1_233' title='bbox 1859 2853 2029 2910; x_wconf 83' lang='lat' dir='ltr'><strong>Trin.</strong></span> <span class='ocrx_word' id='word_1_234' title='bbox 2071 2846 2207 2925; x_wconf 82' lang='lat' dir='ltr'>III,</span> <span class='ocrx_word' id='word_1_235' title='bbox 2252 2850 2311 2909; x_wconf 88' lang='lat'><strong>7.</strong></span> <span class='ocrx_word' id='word_1_236' title='bbox 2374 2847 2606 2928; x_wconf 78' lang='lat' dir='ltr'><strong>[Cyni-</strong></span> 
     </span>
     <span class='ocr_line' id='line_1_25' title="bbox 494 2950 2607 3031; baseline -0.002 -18"><span class='ocrx_word' id='word_1_237' title='bbox 494 2956 657 3031; x_wconf 74' lang='lat' dir='ltr'><strong>plzes</strong></span> <span class='ocrx_word' id='word_1_238' title='bbox 712 2954 1032 3014; x_wconf 79' lang='lat' dir='ltr'><strong>musculae</strong></span> <span class='ocrx_word' id='word_1_239' title='bbox 1089 2959 1239 3010; x_wconf 77' lang='lat' dir='ltr'><strong>sunt</strong></span> <span class='ocrx_word' id='word_1_240' title='bbox 1281 2950 1749 3031; x_wconf 72' lang='lat' dir='ltr'><strong>brevissz&#39;maeJ,</strong></span> <span class='ocrx_word' id='word_1_241' title='bbox 1815 2952 1926 3011; x_wconf 87' lang='lat' dir='ltr'><strong>sed</strong></span> <span class='ocrx_word' id='word_1_242' title='bbox 1985 2951 2126 3011; x_wconf 89' lang='lat' dir='ltr'><strong>alibi</strong></span> <span class='ocrx_word' id='word_1_243' title='bbox 2188 2951 2350 3029; x_wconf 91' lang='lat' dir='ltr'><strong>quod</strong></span> <span class='ocrx_word' id='word_1_244' title='bbox 2410 2951 2607 3009; x_wconf 85' lang='lat' dir='ltr'><strong>sciam</strong></span> 
     </span>
     <span class='ocr_line' id='line_1_26' title="bbox 500 3054 2612 3133; baseline -0.001 -17"><span class='ocrx_word' id='word_1_245' title='bbox 500 3058 620 3116; x_wconf 87' lang='lat' dir='ltr'><strong>hoc</strong></span> <span class='ocrx_word' id='word_1_246' title='bbox 675 3057 928 3115; x_wconf 83' lang='lat' dir='ltr'><strong>verbum</strong></span> <span class='ocrx_word' id='word_1_247' title='bbox 984 3071 1107 3112; x_wconf 89' lang='lat' dir='ltr'><strong>non</strong></span> <span class='ocrx_word' id='word_1_248' title='bbox 1171 3054 1514 3129; x_wconf 80' lang='lat' dir='ltr'><strong>invenitur,</strong></span> <span class='ocrx_word' id='word_1_249' title='bbox 1558 3059 1936 3133; x_wconf 83' lang='lat' dir='ltr'><strong>quapropter</strong></span> <span class='ocrx_word' id='word_1_250' title='bbox 1979 3056 2174 3129; x_wconf 85' lang='lat' dir='ltr'><strong>Cally.</strong></span> <span class='ocrx_word' id='word_1_251' title='bbox 2242 3073 2612 3114; x_wconf 75' lang='lat' dir='ltr'><strong>muscarum</strong></span> 
     </span>
     <span class='ocr_line' id='line_1_27' title="bbox 502 3153 2608 3236; baseline -0.002 -17"><span class='ocrx_word' id='word_1_252' title='bbox 502 3160 868 3219; x_wconf 84' lang='lat' dir='ltr'><strong>coniicit.--</strong></span> <span class='ocrx_word' id='word_1_253' title='bbox 912 3176 974 3233; x_wconf 94' lang='lat' dir='ltr'><strong>p.</strong></span> <span class='ocrx_word' id='word_1_254' title='bbox 995 3155 1098 3229; x_wconf 82' lang='lat'><strong>34,</strong></span> <span class='ocrx_word' id='word_1_255' title='bbox 1127 3153 1225 3214; x_wconf 83' lang='lat'><strong>16.</strong></span> <span class='ocrx_word' id='word_1_256' title='bbox 1254 3156 1517 3233; x_wconf 52' lang='lat' dir='ltr'><strong>qui-ems.</strong></span> <span class='ocrx_word' id='word_1_257' title='bbox 1540 3155 1723 3236; x_wconf 72' lang='lat' dir='ltr'><strong>pos]</strong></span> <span class='ocrx_word' id='word_1_258' title='bbox 1745 3158 1980 3234; x_wconf 88' lang='lat' dir='ltr'><strong>Recepi</strong></span> <span class='ocrx_word' id='word_1_259' title='bbox 1996 3158 2322 3217; x_wconf 86' lang='lat' dir='ltr'><strong>Pulmanni</strong></span> <span class='ocrx_word' id='word_1_260' title='bbox 2354 3157 2608 3232; x_wconf 86' lang='lat' dir='ltr'><strong>quidem</strong></span> 
     </span>
     <span class='ocr_line' id='line_1_28' title="bbox 499 3256 2609 3338; baseline -0.002 -17"><span class='ocrx_word' id='word_1_261' title='bbox 499 3260 862 3331; x_wconf 83' lang='lat' dir='ltr'><strong>lectionem,</strong></span> <span class='ocrx_word' id='word_1_262' title='bbox 924 3276 1081 3332; x_wconf 82' lang='lat' dir='ltr'><strong>quae</strong></span> <span class='ocrx_word' id='word_1_263' title='bbox 1140 3257 1202 3314; x_wconf 85' lang='lat' dir='ltr'><strong>in</strong></span> <span class='ocrx_word' id='word_1_264' title='bbox 1245 3257 1457 3333; x_wconf 79' lang='lat' dir='ltr'><strong>BCpa</strong></span> <span class='ocrx_word' id='word_1_265' title='bbox 1514 3256 1778 3338; x_wconf 70' lang='lat' dir='ltr'><strong>(nonin</strong></span> <span class='ocrx_word' id='word_1_266' title='bbox 1819 3260 1995 3322; x_wconf 77' lang='lat' dir='ltr'><strong>LNa</strong></span> <span class='ocrx_word' id='word_1_267' title='bbox 2053 3261 2132 3320; x_wconf 80' lang='lat' dir='ltr'><strong>cf.</strong></span> <span class='ocrx_word' id='word_1_268' title='bbox 2177 3263 2322 3319; x_wconf 84' lang='lat' dir='ltr'><strong>Var.</strong></span> <span class='ocrx_word' id='word_1_269' title='bbox 2372 3258 2446 3333; x_wconf 86' lang='grc'><strong>1.)</strong></span> <span class='ocrx_word' id='word_1_270' title='bbox 2473 3278 2609 3318; x_wconf 80' lang='lat' dir='ltr'><strong>.ex-</strong></span> 
     </span>
     <span class='ocr_line' id='line_1_29' title="bbox 500 3358 2608 3438; baseline -0 -17"><span class='ocrx_word' id='word_1_271' title='bbox 500 3365 626 3435; x_wconf 84' lang='lat' dir='ltr'><strong>tat,</strong></span> <span class='ocrx_word' id='word_1_272' title='bbox 701 3359 812 3419; x_wconf 86' lang='lat' dir='ltr'><strong>sed</strong></span> <span class='ocrx_word' id='word_1_273' title='bbox 879 3358 1015 3418; x_wconf 88' lang='lat' dir='ltr'><strong>cod.</strong></span> <span class='ocrx_word' id='word_1_274' title='bbox 1070 3363 1131 3421; x_wconf 88' lang='lat' dir='ltr'><em>A</em></span> <span class='ocrx_word' id='word_1_275' title='bbox 1183 3359 1551 3433; x_wconf 80' lang='lat' dir='ltr'><strong>scripturam</strong></span> <span class='ocrx_word' id='word_1_276' title='bbox 1625 3362 1949 3437; x_wconf 82' lang='lat' dir='ltr'><strong>praefero,</strong></span> <span class='ocrx_word' id='word_1_277' title='bbox 2035 3363 2206 3438; x_wconf 87' lang='lat' dir='ltr'><strong>quod</strong></span> <span class='ocrx_word' id='word_1_278' title='bbox 2264 3364 2471 3438; x_wconf 77' lang='lat' dir='ltr'><strong>possit</strong></span> <span class='ocrx_word' id='word_1_279' title='bbox 2535 3364 2608 3420; x_wconf 87' lang='lat' dir='ltr'><strong>in</strong></span> 
     </span>
     <span class='ocr_line' id='line_1_30' title="bbox 500 3461 2610 3539; baseline 0 -17"><span class='ocrx_word' id='word_1_280' title='bbox 500 3463 624 3523; x_wconf 87' lang='lat' dir='ltr'><strong>fine</strong></span> <span class='ocrx_word' id='word_1_281' title='bbox 692 3464 1013 3539; x_wconf 86' lang='lat' dir='ltr'><strong>utriusque</strong></span> <span class='ocrx_word' id='word_1_282' title='bbox 1095 3461 1531 3523; x_wconf 71' lang='lat' dir='ltr'><strong>enuntiationis</strong></span> <span class='ocrx_word' id='word_1_283' title='bbox 1620 3464 1889 3538; x_wconf 89' lang='lat' dir='ltr'><strong>positum</strong></span> <span class='ocrx_word' id='word_1_284' title='bbox 1968 3464 2145 3523; x_wconf 83' lang='lat' dir='ltr'><strong>valde</strong></span> <span class='ocrx_word' id='word_1_285' title='bbox 2226 3465 2451 3524; x_wconf 85' lang='lat' dir='ltr'><strong>turbat.</strong></span> <span class='ocrx_word' id='word_1_286' title='bbox 2512 3494 2610 3509; x_wconf 92' lang='lat'><strong>—-</strong></span> 
     </span>
     <span class='ocr_line' id='line_1_31' title="bbox 501 3563 2602 3644; baseline -0.002 -19"><span class='ocrx_word' id='word_1_287' title='bbox 501 3566 599 3625; x_wconf 85' lang='lat' dir='ltr'><strong>De</strong></span> <span class='ocrx_word' id='word_1_288' title='bbox 653 3568 959 3628; x_wconf 74' lang='lat' dir='ltr'><strong>Busiride</strong></span> <span class='ocrx_word' id='word_1_289' title='bbox 1020 3565 1098 3625; x_wconf 85' lang='lat' dir='ltr'><strong>cf.</strong></span> <span class='ocrx_word' id='word_1_290' title='bbox 1155 3563 1444 3641; x_wconf 87' lang='lat' dir='ltr'><strong>Apollod.</strong></span> <span class='ocrx_word' id='word_1_291' title='bbox 1485 3565 1573 3637; x_wconf 90' lang='grc' dir='ltr'><strong>ΙΙ,</strong></span> <span class='ocrx_word' id='word_1_292' title='bbox 1620 3564 1681 3641; x_wconf 89' lang='lat'><strong>5,</strong></span> <span class='ocrx_word' id='word_1_293' title='bbox 1735 3563 1831 3625; x_wconf 90' lang='lat'><strong>11.</strong></span> <span class='ocrx_word' id='word_1_294' title='bbox 1897 3566 2125 3644; x_wconf 74' lang='lat' dir='ltr'><strong>Hygia.</strong></span> <span class='ocrx_word' id='word_1_295' title='bbox 2195 3565 2318 3626; x_wconf 85' lang='lat' dir='ltr'><strong>fab.</strong></span> <span class='ocrx_word' id='word_1_296' title='bbox 2365 3564 2602 3624; x_wconf 84' lang='lat' dir='ltr'><strong>XXXI.</strong></span> 
     </span>
     <span class='ocr_line' id='line_1_32' title="bbox 502 3668 837 3728; baseline -0.012 0"><span class='ocrx_word' id='word_1_297' title='bbox 502 3668 624 3728; x_wconf 90' lang='lat' dir='ltr'><strong>LV.</strong></span> <span class='ocrx_word' id='word_1_298' title='bbox 669 3668 723 3726; x_wconf 92' lang='lat' dir='ltr'><strong>I.</strong></span> <span class='ocrx_word' id='word_1_299' title='bbox 749 3697 837 3710; x_wconf 92' lang='grc'>-</span> 
     </span>
    </p>
   </div>
   <div class='ocr_carea' id='block_1_3' title="bbox 674 3755 2732 3846">
    <p class='ocr_par' dir='ltr' id='par_1_4' title="bbox 674 3755 2732 3846">
     <span class='ocr_line' id='line_1_33' title="bbox 674 3755 2732 3846; baseline -0.001 -18"><span class='ocrx_word' id='word_1_300' title='bbox 674 3769 877 3828; x_wconf 80' lang='lat' dir='ltr'><strong>Cam.</strong></span> <span class='ocrx_word' id='word_1_301' title='bbox 936 3766 1056 3841; x_wconf 78' lang='lat' dir='ltr'><strong>VI,</strong></span> <span class='ocrx_word' id='word_1_302' title='bbox 1120 3764 1218 3828; x_wconf 85' lang='lat'><strong>15.</strong></span> <span class='ocrx_word' id='word_1_303' title='bbox 1276 3764 1506 3846; x_wconf 82' lang='lat' dir='ltr'><strong>pravi]</strong></span> <span class='ocrx_word' id='word_1_304' title='bbox 1569 3767 1793 3829; x_wconf 85' lang='lat' dir='ltr'><strong>Notum</strong></span> <span class='ocrx_word' id='word_1_305' title='bbox 1859 3771 1955 3828; x_wconf 88' lang='lat' dir='ltr'><strong>est</strong></span> <span class='ocrx_word' id='word_1_306' title='bbox 2010 3769 2075 3828; x_wconf 88' lang='lat' dir='ltr'><strong>in</strong></span> <span class='ocrx_word' id='word_1_307' title='bbox 2136 3767 2259 3827; x_wconf 87' lang='lat' dir='ltr'><strong>arsi</strong></span> <span class='ocrx_word' id='word_1_308' title='bbox 2316 3784 2614 3826; x_wconf 83' lang='lat' dir='ltr'><strong>versuum</strong></span> <span class='ocrx_word' id='word_1_309' title='bbox 2723 3755 2732 3761; x_wconf 63' lang='grc'><strong><em>’</em></strong></span> 
     </span>
    </p>
   </div>
   <div class='ocr_carea' id='block_1_4' title="bbox 502 3864 2623 4460">
    <p class='ocr_par' dir='ltr' id='par_1_5' title="bbox 502 3864 2623 4460">
     <span class='ocr_line' id='line_1_34' title="bbox 504 3864 2616 3949; baseline -0 -19"><span class='ocrx_word' id='word_1_310' title='bbox 504 3871 868 3948; x_wconf 52' lang='lat' dir='ltr'><strong>praesertim</strong></span> <span class='ocrx_word' id='word_1_311' title='bbox 928 3869 1094 3945; x_wconf 82' lang='lat' dir='ltr'><strong>apud</strong></span> <span class='ocrx_word' id='word_1_312' title='bbox 1153 3872 1417 3930; x_wconf 87' lang='lat' dir='ltr'><strong>seriores</strong></span> <span class='ocrx_word' id='word_1_313' title='bbox 1483 3867 1610 3949; x_wconf 80' lang='lat' dir='ltr'><strong>(vd.</strong></span> <span class='ocrx_word' id='word_1_314' title='bbox 1668 3873 1881 3931; x_wconf 86' lang='lat' dir='ltr'><strong>Barth.</strong></span> <span class='ocrx_word' id='word_1_315' title='bbox 1940 3871 2019 3930; x_wconf 91' lang='lat' dir='ltr'><strong>ad</strong></span> <span class='ocrx_word' id='word_1_316' title='bbox 2072 3871 2248 3947; x_wconf 81' lang='lat' dir='ltr'><strong>Calp.</strong></span> <span class='ocrx_word' id='word_1_317' title='bbox 2305 3864 2440 3942; x_wconf 86' lang='lat' dir='ltr'><strong>HI,</strong></span> <span class='ocrx_word' id='word_1_318' title='bbox 2501 3867 2616 3929; x_wconf 80' lang='grc'><strong>69.</strong></span> 
     </span>
     <span class='ocr_line' id='line_1_35' title="bbox 502 3968 2619 4049; baseline -0.002 -15"><span class='ocrx_word' id='word_1_319' title='bbox 502 3972 716 4034; x_wconf 87' lang='lat' dir='ltr'><strong>Burm.</strong></span> <span class='ocrx_word' id='word_1_320' title='bbox 764 3969 843 4029; x_wconf 89' lang='lat' dir='ltr'><strong>ad</strong></span> <span class='ocrx_word' id='word_1_321' title='bbox 882 3971 1133 4034; x_wconf 88' lang='lat' dir='ltr'><strong>Anthol.</strong></span> <span class='ocrx_word' id='word_1_322' title='bbox 1174 3968 1226 4032; x_wconf 91' lang='lat' dir='ltr'><strong>I.</strong></span> <span class='ocrx_word' id='word_1_323' title='bbox 1272 3992 1336 4049; x_wconf 90' lang='lat' dir='ltr'><strong>p.</strong></span> <span class='ocrx_word' id='word_1_324' title='bbox 1381 3972 1515 4048; x_wconf 87' lang='lat'><strong>75.)</strong></span> <span class='ocrx_word' id='word_1_325' title='bbox 1563 3976 1705 4032; x_wconf 89' lang='lat' dir='ltr'><strong>ante</strong></span> <span class='ocrx_word' id='word_1_326' title='bbox 1750 3977 2036 4033; x_wconf 88' lang='lat' dir='ltr'><strong>mutam</strong></span> <span class='ocrx_word' id='word_1_327' title='bbox 2083 3993 2224 4033; x_wconf 89' lang='lat' dir='ltr'><strong>cum</strong></span> <span class='ocrx_word' id='word_1_328' title='bbox 2285 3971 2619 4046; x_wconf 78' lang='lat' dir='ltr'><strong>liquida</strong></span> 
     </span>
     <span class='ocr_line' id='line_1_36' title="bbox 504 4071 2619 4154; baseline 0 -22"><span class='ocrx_word' id='word_1_329' title='bbox 504 4073 659 4153; x_wconf 74' lang='lat' dir='ltr'><strong>(br,</strong></span> <span class='ocrx_word' id='word_1_330' title='bbox 704 4076 813 4148; x_wconf 84' lang='lat' dir='ltr'><strong>dr,</strong></span> <span class='ocrx_word' id='word_1_331' title='bbox 853 4071 958 4149; x_wconf 76' lang='lat' dir='ltr'><strong>fr,</strong></span> <span class='ocrx_word' id='word_1_332' title='bbox 996 4096 1113 4152; x_wconf 65' lang='lat' dir='ltr'><strong>qr,</strong></span> <span class='ocrx_word' id='word_1_333' title='bbox 1155 4095 1272 4151; x_wconf 83' lang='lat' dir='ltr'><strong>pr,</strong></span> <span class='ocrx_word' id='word_1_334' title='bbox 1318 4082 1411 4150; x_wconf 83' lang='lat' dir='ltr'><strong>tr,</strong></span> <span class='ocrx_word' id='word_1_335' title='bbox 1458 4078 1552 4148; x_wconf 83' lang='lat' dir='ltr'><strong>cl,</strong></span> <span class='ocrx_word' id='word_1_336' title='bbox 1589 4078 1664 4151; x_wconf 84' lang='lat' dir='ltr'><strong>pl</strong></span> <span class='ocrx_word' id='word_1_337' title='bbox 1704 4074 1853 4154; x_wconf 88' lang='lat' dir='ltr'><strong>etc.)</strong></span> <span class='ocrx_word' id='word_1_338' title='bbox 1899 4077 2194 4150; x_wconf 84' lang='lat' dir='ltr'><strong>syllabam</strong></span> <span class='ocrx_word' id='word_1_339' title='bbox 2256 4075 2619 4148; x_wconf 81' lang='lat' dir='ltr'><strong>correptam</strong></span> 
     </span>
     <span class='ocr_line' id='line_1_37' title="bbox 506 4176 2617 4253; baseline 0 -18"><span class='ocrx_word' id='word_1_340' title='bbox 506 4194 945 4251; x_wconf 84' lang='lat' dir='ltr'><strong>nonnunquam</strong></span> <span class='ocrx_word' id='word_1_341' title='bbox 1001 4176 1299 4252; x_wconf 88' lang='lat' dir='ltr'><strong>produci,</strong></span> <span class='ocrx_word' id='word_1_342' title='bbox 1359 4179 1632 4253; x_wconf 83' lang='lat' dir='ltr'><strong>quamvis</strong></span> <span class='ocrx_word' id='word_1_343' title='bbox 1691 4179 1753 4236; x_wconf 91' lang='lat' dir='ltr'><strong>in</strong></span> <span class='ocrx_word' id='word_1_344' title='bbox 1812 4198 1886 4237; x_wconf 88' lang='lat' dir='ltr'><strong>ea</strong></span> <span class='ocrx_word' id='word_1_345' title='bbox 1942 4198 2011 4237; x_wconf 86' lang='lat' dir='ltr'><strong>re</strong></span> <span class='ocrx_word' id='word_1_346' title='bbox 2070 4178 2342 4251; x_wconf 87' lang='lat' dir='ltr'><strong>cautius,</strong></span> <span class='ocrx_word' id='word_1_347' title='bbox 2419 4195 2617 4250; x_wconf 85' lang='lat' dir='ltr'><strong>quam</strong></span> 
     </span>
     <span class='ocr_line' id='line_1_38' title="bbox 508 4276 2621 4355; baseline 0 -21"><span class='ocrx_word' id='word_1_348' title='bbox 508 4276 651 4335; x_wconf 87' lang='lat' dir='ltr'><strong>olim</strong></span> <span class='ocrx_word' id='word_1_349' title='bbox 696 4278 1020 4352; x_wconf 80' lang='lat' dir='ltr'><strong>putabant,</strong></span> <span class='ocrx_word' id='word_1_350' title='bbox 1064 4282 1291 4339; x_wconf 81' lang='lat' dir='ltr'><strong>versati</strong></span> <span class='ocrx_word' id='word_1_351' title='bbox 1338 4280 1463 4337; x_wconf 86' lang='lat' dir='ltr'><strong>sint</strong></span> <span class='ocrx_word' id='word_1_352' title='bbox 1495 4284 1735 4355; x_wconf 81' lang='lat' dir='ltr'><strong>poetae,</strong></span> <span class='ocrx_word' id='word_1_353' title='bbox 1769 4299 1892 4355; x_wconf 87' lang='lat' dir='ltr'><strong>qua</strong></span> <span class='ocrx_word' id='word_1_354' title='bbox 1938 4280 2014 4339; x_wconf 90' lang='lat' dir='ltr'><strong>de</strong></span> <span class='ocrx_word' id='word_1_355' title='bbox 2064 4299 2286 4341; x_wconf 88' lang='lat' dir='ltr'><strong>caussa</strong></span> <span class='ocrx_word' id='word_1_356' title='bbox 2329 4281 2389 4337; x_wconf 91' lang='lat' dir='ltr'><strong>in</strong></span> <span class='ocrx_word' id='word_1_357' title='bbox 2438 4296 2621 4337; x_wconf 82' lang='lat' dir='ltr'><strong>rece.</strong></span> 
     </span>
     <span class='ocr_line' id='line_1_39' title="bbox 510 4378 2623 4460; baseline -0 -22"><span class='ocrx_word' id='word_1_358' title='bbox 510 4378 649 4438; x_wconf 84' lang='lat' dir='ltr'><strong>edd.</strong></span> <span class='ocrx_word' id='word_1_359' title='bbox 710 4380 888 4440; x_wconf 87' lang='lat' dir='ltr'><strong>multi</strong></span> <span class='ocrx_word' id='word_1_360' title='bbox 943 4384 1061 4440; x_wconf 88' lang='lat' dir='ltr'><strong>iam</strong></span> <span class='ocrx_word' id='word_1_361' title='bbox 1118 4381 1423 4442; x_wconf 83' lang='lat' dir='ltr'><strong>emendati</strong></span> <span class='ocrx_word' id='word_1_362' title='bbox 1479 4382 1772 4460; x_wconf 81' lang='lat' dir='ltr'><strong>leguntur</strong></span> <span class='ocrx_word' id='word_1_363' title='bbox 1827 4381 1984 4454; x_wconf 82' lang='lat' dir='ltr'><strong>loci,</strong></span> <span class='ocrx_word' id='word_1_364' title='bbox 2045 4381 2144 4439; x_wconf 84' lang='lat' dir='ltr'><strong>vd.</strong></span> <span class='ocrx_word' id='word_1_365' title='bbox 2206 4381 2451 4441; x_wconf 87' lang='lat' dir='ltr'><strong>Lucret.</strong></span> <span class='ocrx_word' id='word_1_366' title='bbox 2501 4379 2623 4453; x_wconf 85' lang='lat' dir='ltr'><strong>lv,</strong></span> 
     </span>
    </p>
   </div>
  </div>
 </body>
</html>
