2867 5125
852 439 991 482 An
1081 438 1399 486 tran.
1486 420 1562 486 11.
1783 420 1792 455 ³
2158 420 2285 487 133

359 592 508 670 Cap.
550 586 640 652 Π.
729 611 793 670 p.
836 592 942 669 22,
988 592 1049 654 3.
1093 589 1332 671 habes]
1374 593 1531 653 Van.
1577 612 1715 653 cum
1774 595 1996 655 ceteris
2041 598 2202 657 habe
2248 619 2281 659 e

195 696 340 754 coni.
392 698 463 754 ut
518 692 761 753 videtur
807 693 1059 758 Crescii.
1145 696 1551 756 Indicativum
1606 699 1982 758 restituimus
2031 717 2277 776 quoque

192 794 286 867 IV,
333 794 385 855 1.
429 813 493 871 p.
543 793 645 867 71,
696 795 817 868 12„
862 796 966 854 ubi
1013 799 1350 857 sententia:
1397 799 1580 859 Certe
1605 798 1714 878 s:
1724 798 2055 879 profecto)
2098 807 2275 866 vides

190 894 338 955 hanc
379 900 749 956 sententiam
808 900 1219 958 admiratione
1276 900 1528 975 dzjqnam
1572 921 1737 960 esse.
1776 932 1863 944 ——
1943 922 2006 980 p.
2057 905 2160 978 22,
2209 907 2269 965 8.

189 992 593 1073 affirmarem]
651 995 1090 1077 Imperfectum
1157 999 1315 1058 bene
1381 1017 1448 1058 se
1506 1001 1732 1074 habet3
1794 1004 1873 1062 cf.
1931 999 2049 1081 ΠΙ,
2101 1006 2161 1064 4.
2205 1026 2267 1083 p.

190 1095 280 1169 48,
321 1095 377 1156 8.
416 1092 535 1170 ΠΙ,
587 1096 683 1158 10.
732 1120 789 1178 p.
839 1099 941 1176 61,
979 1100 1075 1162 14.
1119 1096 1239 1172 ΙΠ,
1290 1100 1387 1173 12.
1431 1119 1494 1178 p.
1543 1099 1644 1176 68,
1682 1101 1744 1164 8.
1782 1133 1866 1150 --
1901 1125 1967 1183 p.
2016 1106 2119 1181 22,
2164 1109 2265 1172 21.

186 1199 328 1276 Iege,
372 1219 471 1274 ne,
540 1201 721 1282 cum]
782 1205 933 1264 Cod.
980 1209 1040 1266 A
1097 1201 1266 1262 solus
1327 1220 1533 1265 veram
1596 1206 1919 1266 lectionem
1967 1214 2227 1270 servavit
2243 1233 2265 1286 3
2392 1204 2397 1224 ¹

185 1301 503 1360 simillimus
550 1308 645 1364 est
688 1306 962 1367 Cassiod.
1006 1305 1057 1377 I,
1105 1303 1187 1377 8.,
1232 1304 1339 1362 ubi
1383 1305 1447 1364 in
1509 1308 1743 1385 aliquot
1788 1310 1925 1371 edd.
1974 1317 2036 1372 et
2083 1298 2261 1374 codd.

182 1402 324 1460 male
379 1425 460 1463 ne
515 1410 611 1464 uti
664 1410 844 1468 extat.
909 1439 996 1450 —-
1088 1408 1168 1465 ib.
1235 1404 1337 1465 29.
1384 1407 1488 1464 δύο
1525 1407 1659 1472 τούς
1694 1412 2012 1474 πίθους...
2049 1410 2260 1495 κάλων]

181 1504 355 1564 Graff.
407 1508 579 1565 cod-2
616 1512 783 1570 *duis
821 1512 1039 1586 pz‘thus
1095 1517 1201 1569 ton
1243 1523 1384 1568 men
1427 1527 1549 1566 ena
1606 1508 1813 1568 hakon
1856 1517 1962 1569 ton
2004 1514 2082 1572 de
2127 1522 2258 1574 ete-

180 1628 281 1667 ron
321 1613 480 1682 elon,
529 1612 683 1670 Vict.
732 1610 788 1671 1.
829 1619 971 1683 ελον,
1006 1631 1193 1688 quare
1238 1612 1393 1671 Vall.
1425 1608 1753 1667 Boethium
1790 1613 2110 1689 scripsisse
2155 1635 2280 1695 su-¹

179 1713 456 1786 spicatur,
498 1712 689 1785 ἕτερον
722 1713 782 1770 δὲ
818 1713 984 1781 ἐάων,
1034 1714 1144 1772 sed
1181 1714 1277 1772 vd.
1308 1713 1447 1773 Not.
1489 1711 1568 1771 ad
1601 1714 1671 1785 V,
1719 1712 1776 1771 2.
1836 1715 2124 1777 Ceterum
2158 1740 2258 1779 ex-

176 1829 432 1894 pungere
466 1813 627 1874 malo
674 1814 826 1874 illud
858 1815 994 1882 τούς
1029 1818 1197 1893 quod
1225 1819 1344 1878 mei
1372 1816 1514 1877 libri
1551 1815 1690 1872 msti
1735 1833 1859 1873 non
1893 1826 2254 1896 agnoscunt.

174 1908 179 1917 ’
329 1918 530 1979 Carm.
572 1911 677 1991 II,
730 1914 783 1975 1.
841 1920 1105 1991 rapidus
1163 1920 1480 1995 epitheton
1539 1921 1635 1977 est
1690 1919 1824 1978 fere
1883 1926 2253 1997 perpetuum

173 2018 479 2079 fluviorum
533 2019 662 2094 (vd.
719 2013 771 2078 I.
831 2018 1031 2080 Carm.
1095 2021 1154 2095 5,
1202 2020 1305 2084 46.
1366 2020 1473 2079 ubi
1529 2020 1731 2079 rabid.
1795 2019 1954 2078 male
2014 2022 2249 2081 Wakef.

172 2119 240 2178 ad
278 2122 524 2180 Lucret.
557 2123 628 2194 V,
671 2118 853 2178 1001.
900 2120 1193 2200 defendit,
1238 2120 1465 2184 Tibull.
1508 2116 1561 2193 Ι,
1598 2120 1656 2194 2,
1692 2118 1792 2178 40.
1828 2117 1927 2178 44.
1976 2117 2250 2199 [Grupp.

168 2221 313 2281 male
356 2224 495 2282 rab.
543 2217 730 2300 coni.]
778 2222 947 2281 Ovid.
996 2226 1141 2285 Met.
1183 2221 1269 2298 II,
1320 2223 1464 2284 637.
1508 2225 1612 2297 VI,
1659 2222 1803 2283 399.
1850 2223 1983 2296 VH,
2029 2221 2089 2284 6.
2133 2225 2255 2287 Lu·

170 2341 291 2382 can.
347 2321 469 2400 ΠΙ,
517 2322 661 2383 235.
708 2323 981 2384 Cassiod.
1038 2321 1157 2398 ΙΠ,
1204 2325 1303 2386 30.
1349 2327 1488 2403 lege
1546 2327 1750 2399 rapid.
1798 2312 2018 2402 aquito,
2067 2324 2245 2385 codd.

167 2425 330 2505 rab.)
363 2432 426 2486 et
455 2429 777 2485 ventorum
823 2420 907 2504 (I.
948 2445 1132 2485 carm.
1169 2426 1228 2501 5,
1255 2426 1314 2490 3.
1360 2428 1467 2485 Ov.
1499 2428 1647 2485 Met.
1668 2420 1724 2500 Ι,
1750 2423 1851 2484 36.
1906 2419 2103 2499 Iahn.,
2130 2419 2247 2503 ΙΠ,

167 2524 301 2590 209.
355 2529 521 2603 XIV,
572 2525 716 2587 746.
774 2528 1006 2588 Lucan.
1063 2528 1115 2602 I,
1161 2525 1305 2589 465.
1350 2529 1421 2603 V,
1469 2523 1656 2609 612.)
1716 2529 1980 2589 rabidus
2042 2530 2248 2589 autem

165 2629 235 2689 de
273 2632 485 2690 furore
530 2633 592 2690 et
637 2632 728 2689 ira
786 2625 930 2708 (ΙΠ,
976 2649 1162 2689 carm.
1213 2631 1273 2706 2,
1325 2628 1455 2704 16.)
1522 2648 1636 2688 nec
1677 2649 1819 2688 raro
1867 2632 1942 2692 de
1992 2635 2247 2691 canibus

165 2732 391 2807 dicitur,
449 2733 550 2793 vd.
610 2734 776 2812 Virg.
835 2733 991 2792 Aen.
1035 2734 1169 2807 VII,
1217 2727 1359 2793 493.
1406 2732 1579 2792 Ovid.
1623 2733 1699 2793 A.
1748 2734 1819 2791 A.
1864 2730 1942 2807 ΙΙ,
1994 2734 2117 2795 374
2164 2735 2245 2795 ib.

160 2833 363 2895 HeinS.
437 2838 658 2895 Senec.
709 2833 859 2893 Oed.
902 2832 1045 2893 931.
1112 2836 1266 2894 Stat.
1314 2836 1509 2894 Theb.
1554 2831 1606 2910 I,
1653 2834 1797 2894 589.
1862 2835 2094 2894 Lucan.
2140 2836 2245 2910 VI,

163 2933 254 2996 65.
294 2937 670 2997 Substantiv.
733 2933 948 2994 rabies·
992 2935 1067 2995 de
1123 2937 1320 2995 ventis
1383 2953 1822 3010 nonnunquam
1882 2940 2241 3014 usurpatur,

161 3037 233 3095 ct'.
277 3034 435 3099 Intt.
475 3038 555 3097 ad
598 3035 770 3108 ovid.
834 3036 980 3093 Met.
1028 3040 1099 3110 V,
1145 3035 1204 3095 7.
1250 3068 1335 3080 -—-
1421 3037 1519 3097 14.
1566 3034 1781 3114 Alios]
1824 3032 1901 3097 Id
1946 3041 2076 3096 est:
2120 3056 2244 3100 non

157 3142 480 3219 vulgares,
521 3140 621 3199 vd.
668 3139 824 3198 Stat.
872 3138 1065 3198 Theb.
1122 3133 1175 3211 I,
1222 3136 1324 3197 45.
1385 3140 1513 3199 alio
1554 3139 1851 3211 horrore,
1915 3139 2050 3210 VH,
2094 3136 2240 3199 80⁷.

157 3242 497 3321 ibidemque
543 3240 688 3301 457.
732 3241 906 3320 lege:
965 3240 1210 3299 Rumor
1255 3241 1482 3316 ubique
1527 3239 1693 3297 alius
1737 3240 2079 3316 pluresque
2127 3241 2243 3299 acl-

158 3350 394 3419 nuntiat
437 3346 686 3418 hosteS,
730 3343 1138 3418 Maioresque
1183 3342 1367 3399 timor
1416 3337 1641 3415 (codd.
1682 3340 1863 3413 alios,
1907 3339 2100 3400 Gron.
2145 3345 2241 3400 al-

156 3445 333 3526 tem),-
377 3450 548 3509 Cort.
595 3447 673 3506 ad
716 3447 947 3505 Lucan.
991 3442 1156 3514 VIII,
1202 3439 1347 3500 586.
1407 3444 1514 3501 ubi
1573 3442 1783 3501 affert:
1842 3440 2098 3502 Auctor.
2164 3444 2241 3504 de

158 3548 268 3608 vita
312 3549 708 3626 contemplat.
753 3543 839 3623 II,
889 3546 946 3606 5.
997 3549 1163 3606 aliae
1201 3547 1597 3622 prudentiae.

318 3653 474 3729 Cap.
518 3651 633 3711 III.
700 3672 763 3729 p.
812 3649 914 3723 23,
963 3649 1023 3709 2.
1086 3656 1302 3709 aut...
1349 3649 1522 3726 quer.
1567 3640 1780 3723 tuam]
1824 3646 2055 3706 Mutavi
2102 3664 2242 3706 cum

157 3752 301 3814 Van.
346 3762 415 3813 at
460 3754 522 3813 in
569 3762 697 3830 aut,
744 3771 896 3831 quas
939 3750 1275 3829 particulas
1314 3767 1499 3824 saepe
1546 3748 1835 3807 confusas
1880 3767 2047 3809 essse
2094 3767 2242 3810 con-

156 3860 288 3931 stat,
331 3857 435 3916 vd.
477 3856 583 3931 IV,
630 3855 687 3913 2.
728 3873 791 3932 p.
837 3851 939 3928 73,
990 3851 1089 3912 15.
1178 3852 1336 3913 Tum
1381 3868 1521 3909 cum
1563 3854 1623 3911 A
1657 3868 1838 3927 pron.
1885 3869 2133 3929 person.
2180 3854 2243 3910 et

151 3958 246 4020 hic
290 3964 352 4021 et
393 3954 450 4034 1,
497 3956 556 4018 6.
599 3975 664 4034 p.
713 3954 812 4029 17,
858 3954 919 4013 2.
965 3955 1307 4029 omiserim,
1366 3950 1530 4030 quod
1566 3969 1604 4010 a
1644 3954 1947 4029 scriptore
1976 3954 2039 4010 in
2075 3952 2240 4010 simi-

130 4037 303 4122 ‘libus
347 4058 870 4121 enuntiationibus
915 4057 1204 4116 omissum
1250 4074 1385 4118 esse
1412 4053 1693 4132 cognovi,
1737 4047 1792 4126 I,
1840 4052 1898 4114 4.
1944 4055 2026 4112 in.
2071 4049 2237 4125 11,1.

151 4181 208 4241 p.
253 4164 357 4226 20.
392 4164 497 4225 28.
541 4161 776 4239 Recepi
818 4179 964 4220 vero
1005 4155 1094 4233 Π,
1129 4154 1189 4216 4.
1233 4177 1295 4236 p.
1328 4154 1430 4229 26,
1464 4155 1523 4214 5.
1567 4173 1767 4233 pron„
1815 4156 1981 4233 quod
2029 4173 2239 4215 omnes

150 4269 263 4327 mei
309 4267 493 4328 codd.
561 4266 813 4339 excepto
872 4266 900 4321 ι·
957 4263 1254 4323 exhibent.
1298 4291 1386 4307 -·—
1456 4278 1520 4335 p.
1584 4257 1687 4332 24,
1747 4259 1805 4318 2.
1865 4252 2242 4335 adversum]

151 4366 238 4428 cf.
280 4363 337 4443 Ι,
381 4368 443 4428 4.
487 4387 549 4446 p.
594 4365 659 4442 8,
698 4363 802 4428 30.
847 4397 930 4410 --
972 4359 1034 4444 p.
1083 4363 1184 4438 24,
1235 4363 1294 4423 4.
1339 4381 1485 4423 sese
1522 4356 1713 4441 pem]
1788 4361 1884 4422 De
1926 4360 2043 4421 hac
2090 4378 2239 4422 con-
