<?xml version="1.0" encoding="UTF-8"?>
<!DOCTYPE html PUBLIC "-//W3C//DTD XHTML 1.0 Transitional//EN"
    "http://www.w3.org/TR/xhtml1/DTD/xhtml1-transitional.dtd">
<html xmlns="http://www.w3.org/1999/xhtml" xml:lang="en" lang="en">
 <head>
  <title>
</title>
<meta http-equiv="Content-Type" content="text/html;charset=utf-8" />
  <meta name='ocr-system' content='tesseract 3.04.00' />
  <meta name='ocr-capabilities' content='ocr_page ocr_carea ocr_par ocr_line ocrx_word'/>
</head>
<body>
  <div class='ocr_page' id='page_1' title='image "aniciimanliisev00obbagoog_0383.png"; bbox 0 0 2867 5125; ppageno 0'>
   <div class='ocr_carea' id='block_1_1' title="bbox 896 445 2295 517">
    <p class='ocr_par' dir='ltr' id='par_1_1' title="bbox 896 445 2295 517">
     <span class='ocr_line' id='line_1_1' title="bbox 896 445 2295 517; baseline 0.003 -7"><span class='ocrx_word' id='word_1_1' title='bbox 896 446 1570 517; x_wconf 56' lang='grc' dir='ltr'><strong>Αυιιυιῐ.</strong></span> <span class='ocrx_word' id='word_1_2' title='bbox 2172 445 2295 515; x_wconf 70' lang='lat'><strong>12⁷</strong></span> 
     </span>
    </p>
   </div>
   <div class='ocr_carea' id='block_1_2' title="bbox 150 620 2292 4494">
    <p class='ocr_par' dir='ltr' id='par_1_2' title="bbox 209 620 2292 1107">
     <span class='ocr_line' id='line_1_2' title="bbox 213 620 2292 701; baseline 0 -18"><span class='ocrx_word' id='word_1_3' title='bbox 213 621 270 683; x_wconf 91' lang='grc'><strong>4.</strong></span> <span class='ocrx_word' id='word_1_4' title='bbox 311 641 370 700; x_wconf 89' lang='grc' dir='ltr'><strong>Ρ.</strong></span> <span class='ocrx_word' id='word_1_5' title='bbox 414 620 533 695; x_wconf 85' lang='grc'><strong>84,</strong></span> <span class='ocrx_word' id='word_1_6' title='bbox 578 620 639 682; x_wconf 91' lang='grc'><strong>2.</strong></span> <span class='ocrx_word' id='word_1_7' title='bbox 699 623 838 684; x_wconf 74' lang='lat' dir='ltr'><strong>dieo</strong></span> <span class='ocrx_word' id='word_1_8' title='bbox 898 624 1258 699; x_wconf 77' lang='lat' dir='ltr'><strong>inluminat,</strong></span> <span class='ocrx_word' id='word_1_9' title='bbox 1317 642 1448 683; x_wconf 72' lang='lat' dir='ltr'><strong>noa·</strong></span> <span class='ocrx_word' id='word_1_10' title='bbox 1494 627 1752 696; x_wconf 76' lang='lat' dir='ltr'><strong>caecat,</strong></span> <span class='ocrx_word' id='word_1_11' title='bbox 1809 625 1971 694; x_wconf 59' lang='grc' dir='ltr'><strong>σίας</strong></span> <span class='ocrx_word' id='word_1_12' title='bbox 2029 638 2155 701; x_wconf 83' lang='lat' dir='ltr'><strong>qua</strong></span> <span class='ocrx_word' id='word_1_13' title='bbox 2215 622 2292 684; x_wconf 75' lang='lat' dir='ltr'><strong>de</strong></span> 
     </span>
     <span class='ocr_line' id='line_1_3' title="bbox 213 722 2292 803; baseline 0.001 -19"><span class='ocrx_word' id='word_1_14' title='bbox 213 743 422 784; x_wconf 81' lang='lat' dir='ltr'><strong>caussa</strong></span> <span class='ocrx_word' id='word_1_15' title='bbox 477 743 677 801; x_wconf 83' lang='lat' dir='ltr'><strong>neque</strong></span> <span class='ocrx_word' id='word_1_16' title='bbox 735 724 838 783; x_wconf 84' lang='lat' dir='ltr'><strong>hic</strong></span> <span class='ocrx_word' id='word_1_17' title='bbox 879 742 1078 801; x_wconf 86' lang='lat' dir='ltr'><strong>neque</strong></span> <span class='ocrx_word' id='word_1_18' title='bbox 1122 723 1217 782; x_wconf 89' lang='lat' dir='ltr'><strong>his</strong></span> <span class='ocrx_word' id='word_1_19' title='bbox 1263 724 1366 800; x_wconf 88' lang='lat' dir='ltr'><strong>qui</strong></span> <span class='ocrx_word' id='word_1_20' title='bbox 1418 726 1764 800; x_wconf 85' lang='lat' dir='ltr'><strong>sequuntur</strong></span> <span class='ocrx_word' id='word_1_21' title='bbox 1801 722 1958 783; x_wconf 84' lang='lat' dir='ltr'><strong>locis</strong></span> <span class='ocrx_word' id='word_1_22' title='bbox 2003 724 2080 784; x_wconf 76' lang='lat' dir='ltr'><strong>ad</strong></span> <span class='ocrx_word' id='word_1_23' title='bbox 2132 729 2292 803; x_wconf 73' lang='lat' dir='ltr'><strong>opti·</strong></span> 
     </span>
     <span class='ocr_line' id='line_1_4' title="bbox 211 823 2290 888; baseline 0 -2"><span class='ocrx_word' id='word_1_24' title='bbox 211 847 438 886; x_wconf 82' lang='lat' dir='ltr'><strong>morum</strong></span> <span class='ocrx_word' id='word_1_25' title='bbox 499 828 796 886; x_wconf 88' lang='lat' dir='ltr'><strong>librorum</strong></span> <span class='ocrx_word' id='word_1_26' title='bbox 841 830 1194 888; x_wconf 86' lang='lat' dir='ltr'><strong>nostrorum</strong></span> <span class='ocrx_word' id='word_1_27' title='bbox 1237 827 1419 885; x_wconf 83' lang='lat' dir='ltr'><strong>fidem</strong></span> <span class='ocrx_word' id='word_1_28' title='bbox 1475 843 1685 883; x_wconf 81' lang='lat' dir='ltr'><strong>vocem</strong></span> <span class='ocrx_word' id='word_1_29' title='bbox 1737 842 1886 884; x_wconf 81' lang='lat' dir='ltr'><strong>vero</strong></span> <span class='ocrx_word' id='word_1_30' title='bbox 1928 823 2135 886; x_wconf 79' lang='lat' dir='ltr'><strong>delere</strong></span> <span class='ocrx_word' id='word_1_31' title='bbox 2180 827 2290 888; x_wconf 83' lang='lat' dir='ltr'><strong>‹lu-</strong></span> 
     </span>
     <span class='ocr_line' id='line_1_5' title="bbox 211 921 2287 1008; baseline 0.001 -22"><span class='ocrx_word' id='word_1_32' title='bbox 211 930 556 990; x_wconf 79' lang='lat' dir='ltr'><strong>bitavimus:</strong></span> <span class='ocrx_word' id='word_1_33' title='bbox 613 949 671 993; x_wconf 76' lang='lat' dir='ltr'><strong>v,</strong></span> <span class='ocrx_word' id='word_1_34' title='bbox 717 929 818 990; x_wconf 86' lang='grc'><strong>29.</strong></span> <span class='ocrx_word' id='word_1_35' title='bbox 880 932 1046 991; x_wconf 81' lang='lat' dir='ltr'><strong>uude</strong></span> <span class='ocrx_word' id='word_1_36' title='bbox 1104 931 1304 1002; x_wconf 83' lang='lat' dir='ltr'><strong>mala,</strong></span> <span class='ocrx_word' id='word_1_37' title='bbox 1365 930 1526 988; x_wconf 80' lang='lat' dir='ltr'><strong>bona</strong></span> <span class='ocrx_word' id='word_1_38' title='bbox 1581 926 1746 989; x_wconf 81' lang='lat' dir='ltr'><strong>unde</strong></span> <span class='ocrx_word' id='word_1_39' title='bbox 1790 945 1922 1006; x_wconf 75' lang='lat' dir='ltr'><strong>sqq.</strong></span> <span class='ocrx_word' id='word_1_40' title='bbox 1963 921 2071 1004; x_wconf 87' lang='lat'><strong>111,</strong></span> <span class='ocrx_word' id='word_1_41' title='bbox 2121 927 2181 989; x_wconf 86' lang='lat'><strong>5.</strong></span> <span class='ocrx_word' id='word_1_42' title='bbox 2222 948 2287 1008; x_wconf 85' lang='grc' dir='ltr'><strong>Ρ.</strong></span> 
     </span>
     <span class='ocr_line' id='line_1_6' title="bbox 209 1031 1906 1107; baseline 0 -16"><span class='ocrx_word' id='word_1_43' title='bbox 209 1031 306 1107; x_wconf 82' lang='grc'><strong>23,</strong></span> <span class='ocrx_word' id='word_1_44' title='bbox 350 1033 409 1097; x_wconf 86' lang='grc'><strong>3.</strong></span> <span class='ocrx_word' id='word_1_45' title='bbox 454 1034 872 1092; x_wconf 76' lang='lat' dir='ltr'><strong>animantibus</strong></span> <span class='ocrx_word' id='word_1_46' title='bbox 1027 1031 1375 1092; x_wconf 72' lang='lat' dir='ltr'><strong>hominibus·</strong></span> <span class='ocrx_word' id='word_1_47' title='bbox 1411 1031 1561 1089; x_wconf 86' lang='lat' dir='ltr'><strong>vitio</strong></span> <span class='ocrx_word' id='word_1_48' title='bbox 1601 1033 1787 1091; x_wconf 83' lang='lat' dir='ltr'><strong>venit.</strong></span> <span class='ocrx_word' id='word_1_49' title='bbox 1820 1059 1906 1074; x_wconf 87' lang='lat'><strong>——</strong></span> 
     </span>
    </p>

    <p class='ocr_par' dir='ltr' id='par_1_3' title="bbox 179 1129 2289 3249">
     <span class='ocr_line' id='line_1_7' title="bbox 370 1129 2288 1213; baseline 0.002 -21"><span class='ocrx_word' id='word_1_50' title='bbox 370 1154 432 1210; x_wconf 88' lang='lat' dir='ltr'><strong>p.</strong></span> <span class='ocrx_word' id='word_1_51' title='bbox 484 1133 595 1210; x_wconf 82' lang='lat'><strong>11,</strong></span> <span class='ocrx_word' id='word_1_52' title='bbox 642 1134 741 1194; x_wconf 83' lang='lat'><strong>25.</strong></span> <span class='ocrx_word' id='word_1_53' title='bbox 807 1129 1127 1212; x_wconf 76' lang='lat' dir='ltr'><em>convinci]</em></span> <span class='ocrx_word' id='word_1_54' title='bbox 1191 1134 1394 1192; x_wconf 87' lang='lat' dir='ltr'><strong>Minus</strong></span> <span class='ocrx_word' id='word_1_55' title='bbox 1452 1135 1623 1192; x_wconf 83' lang='lat' dir='ltr'><strong>reete</strong></span> <span class='ocrx_word' id='word_1_56' title='bbox 1677 1133 1799 1192; x_wconf 91' lang='lat' dir='ltr'><strong>VV.</strong></span> <span class='ocrx_word' id='word_1_57' title='bbox 1856 1132 1990 1195; x_wconf 87' lang='lat' dir='ltr'><strong>DD.</strong></span> <span class='ocrx_word' id='word_1_58' title='bbox 2049 1136 2288 1213; x_wconf 75' lang='lat' dir='ltr'><strong>vitupe-</strong></span> 
     </span>
     <span class='ocr_line' id='line_1_8' title="bbox 205 1233 2286 1314; baseline 0.002 -21"><span class='ocrx_word' id='word_1_59' title='bbox 205 1242 487 1296; x_wconf 82' lang='lat' dir='ltr'><strong>raverunt</strong></span> <span class='ocrx_word' id='word_1_60' title='bbox 544 1237 903 1311; x_wconf 79' lang='lat' dir='ltr'><strong>Boethium,</strong></span> <span class='ocrx_word' id='word_1_61' title='bbox 964 1236 1130 1314; x_wconf 82' lang='lat' dir='ltr'><strong>quod</strong></span> <span class='ocrx_word' id='word_1_62' title='bbox 1187 1240 1552 1297; x_wconf 77' lang='lat' dir='ltr'><em>convincere</em></span> <span class='ocrx_word' id='word_1_63' title='bbox 1611 1233 1740 1295; x_wconf 82' lang='lat' dir='ltr'><strong>hic.</strong></span> <span class='ocrx_word' id='word_1_64' title='bbox 1770 1238 2099 1312; x_wconf 78' lang='lat' dir='ltr'><strong>posuisset,</strong></span> <span class='ocrx_word' id='word_1_65' title='bbox 2148 1255 2286 1298; x_wconf 88' lang='lat' dir='ltr'><strong>cum</strong></span> 
     </span>
     <span class='ocr_line' id='line_1_9' title="bbox 205 1338 2289 1425; baseline 0.001 -29"><span class='ocrx_word' id='word_1_66' title='bbox 205 1338 440 1400; x_wconf 82' lang='lat' dir='ltr'><strong>dicatur</strong></span> <span class='ocrx_word' id='word_1_67' title='bbox 484 1338 560 1399; x_wconf 84' lang='lat' dir='ltr'><strong>de</strong></span> <span class='ocrx_word' id='word_1_68' title='bbox 608 1340 717 1413; x_wconf 88' lang='lat' dir='ltr'><strong>iis,</strong></span> <span class='ocrx_word' id='word_1_69' title='bbox 778 1356 1037 1415; x_wconf 82' lang='lat' dir='ltr'><strong>quorum</strong></span> <span class='ocrx_word' id='word_1_70' title='bbox 1098 1339 1351 1401; x_wconf 86' lang='lat' dir='ltr'><strong>crimina</strong></span> <span class='ocrx_word' id='word_1_71' title='bbox 1408 1338 1668 1397; x_wconf 84' lang='lat' dir='ltr'><strong>testibus</strong></span> <span class='ocrx_word' id='word_1_72' title='bbox 1726 1342 1871 1399; x_wconf 89' lang='lat' dir='ltr'><strong>suut</strong></span> <span class='ocrx_word' id='word_1_73' title='bbox 1927 1340 2289 1425; x_wconf 78' lang='lat' dir='ltr'><strong>manifesta;</strong></span> 
     </span>
     <span class='ocr_line' id='line_1_10' title="bbox 202 1440 2287 1520; baseline 0.001 -20"><span class='ocrx_word' id='word_1_74' title='bbox 202 1442 311 1501; x_wconf 83' lang='lat' dir='ltr'><strong>sed</strong></span> <span class='ocrx_word' id='word_1_75' title='bbox 353 1444 717 1520; x_wconf 78' lang='lat' dir='ltr'><strong>scriptorem</strong></span> <span class='ocrx_word' id='word_1_76' title='bbox 771 1444 1004 1503; x_wconf 79' lang='lat' dir='ltr'><strong>ironice</strong></span> <span class='ocrx_word' id='word_1_77' title='bbox 1047 1442 1219 1519; x_wconf 91' lang='lat' dir='ltr'><strong>loqui</strong></span> <span class='ocrx_word' id='word_1_78' title='bbox 1263 1440 1728 1503; x_wconf 81' lang='lat' dir='ltr'><strong>animadvertes.</strong></span> <span class='ocrx_word' id='word_1_79' title='bbox 1814 1440 2100 1503; x_wconf 85' lang='lat' dir='ltr'><strong>Ceterum</strong></span> <span class='ocrx_word' id='word_1_80' title='bbox 2138 1461 2287 1503; x_wconf 87' lang='lat' dir='ltr'><strong>cou-</strong></span> 
     </span>
     <span class='ocr_line' id='line_1_11' title="bbox 202 1545 2288 1607; baseline 0.002 -4"><span class='ocrx_word' id='word_1_81' title='bbox 202 1548 454 1606; x_wconf 83' lang='lat' dir='ltr'><strong>structio</strong></span> <span class='ocrx_word' id='word_1_82' title='bbox 502 1547 700 1605; x_wconf 85' lang='lat' dir='ltr'><strong>minus</strong></span> <span class='ocrx_word' id='word_1_83' title='bbox 745 1545 970 1604; x_wconf 88' lang='lat' dir='ltr'><strong>usitata</strong></span> <span class='ocrx_word' id='word_1_84' title='bbox 1018 1550 1146 1606; x_wconf 71' lang='lat' dir='ltr'><strong>estz</strong></span> <span class='ocrx_word' id='word_1_85' title='bbox 1207 1565 1346 1605; x_wconf 86' lang='lat' dir='ltr'><strong>nam</strong></span> <span class='ocrx_word' id='word_1_86' title='bbox 1404 1545 1657 1604; x_wconf 74' lang='lat' dir='ltr'><strong>verbum</strong></span> <span class='ocrx_word' id='word_1_87' title='bbox 1717 1547 2121 1607; x_wconf 78' lang='lat' dir='ltr'><em>convincendi</em></span> <span class='ocrx_word' id='word_1_88' title='bbox 2162 1548 2288 1607; x_wconf 79' lang='lat' dir='ltr'><strong>sivo</strong></span> 
     </span>
     <span class='ocr_line' id='line_1_12' title="bbox 200 1643 2289 1729; baseline 0 -23"><span class='ocrx_word' id='word_1_89' title='bbox 200 1665 334 1708; x_wconf 81' lang='lat' dir='ltr'><strong>cum</strong></span> <span class='ocrx_word' id='word_1_90' title='bbox 392 1649 659 1729; x_wconf 81' lang='lat' dir='ltr'><strong>genitivo</strong></span> <span class='ocrx_word' id='word_1_91' title='bbox 707 1644 866 1722; x_wconf 72' lang='lat' dir='ltr'><strong>(Cic.</strong></span> <span class='ocrx_word' id='word_1_92' title='bbox 911 1643 1080 1710; x_wconf 84' lang='lat' dir='ltr'><strong>Lael.</strong></span> <span class='ocrx_word' id='word_1_93' title='bbox 1125 1649 1334 1723; x_wconf 83' lang='lat' dir='ltr'><strong>XVII,</strong></span> <span class='ocrx_word' id='word_1_94' title='bbox 1387 1645 1525 1724; x_wconf 85' lang='grc'><strong>64.)</strong></span> <span class='ocrx_word' id='word_1_95' title='bbox 1586 1648 1711 1707; x_wconf 85' lang='lat' dir='ltr'><strong>sive</strong></span> <span class='ocrx_word' id='word_1_96' title='bbox 1771 1665 1913 1707; x_wconf 87' lang='lat' dir='ltr'><strong>cum</strong></span> <span class='ocrx_word' id='word_1_97' title='bbox 1967 1649 2289 1727; x_wconf 78' lang='lat' dir='ltr'><strong>praeposi-</strong></span> 
     </span>
     <span class='ocr_line' id='line_1_13' title="bbox 200 1743 2289 1833; baseline 0.003 -27"><span class='ocrx_word' id='word_1_98' title='bbox 200 1749 359 1808; x_wconf 78' lang='lat' dir='ltr'><strong>tione</strong></span> <span class='ocrx_word' id='word_1_99' title='bbox 420 1753 486 1809; x_wconf 87' lang='lat' dir='ltr'><strong>in</strong></span> <span class='ocrx_word' id='word_1_100' title='bbox 545 1746 703 1825; x_wconf 79' lang='lat' dir='ltr'><strong>(cic.</strong></span> <span class='ocrx_word' id='word_1_101' title='bbox 763 1768 876 1828; x_wconf 87' lang='lat' dir='ltr'><strong>pro</strong></span> <span class='ocrx_word' id='word_1_102' title='bbox 936 1750 1110 1811; x_wconf 90' lang='lat' dir='ltr'><strong>Sulla</strong></span> <span class='ocrx_word' id='word_1_103' title='bbox 1149 1752 1364 1824; x_wconf 86' lang='lat' dir='ltr'><strong>XXX,</strong></span> <span class='ocrx_word' id='word_1_104' title='bbox 1409 1748 1511 1809; x_wconf 85' lang='lat'><strong>83.</strong></span> <span class='ocrx_word' id='word_1_105' title='bbox 1576 1743 1810 1808; x_wconf 82' lang='lat' dir='ltr'><strong>Inveut.</strong></span> <span class='ocrx_word' id='word_1_106' title='bbox 1853 1745 1942 1824; x_wconf 92' lang='lat'><strong>11,</strong></span> <span class='ocrx_word' id='word_1_107' title='bbox 1996 1749 2109 1827; x_wconf 87' lang='grc'><strong>10,</strong></span> <span class='ocrx_word' id='word_1_108' title='bbox 2152 1748 2289 1833; x_wconf 84' lang='grc'><strong>32.)</strong></span> 
     </span>
     <span class='ocr_line' id='line_1_14' title="bbox 198 1852 2286 1930; baseline 0.003 -20"><span class='ocrx_word' id='word_1_109' title='bbox 198 1855 259 1910; x_wconf 85' lang='lat' dir='ltr'><strong>et</strong></span> <span class='ocrx_word' id='word_1_110' title='bbox 299 1852 468 1930; x_wconf 82' lang='lat' dir='ltr'><strong>apud</strong></span> <span class='ocrx_word' id='word_1_111' title='bbox 529 1854 789 1913; x_wconf 80' lang='lat' dir='ltr'><strong>seriores</strong></span> <span class='ocrx_word' id='word_1_112' title='bbox 851 1853 962 1930; x_wconf 82' lang='lat' dir='ltr'><strong>(cf.</strong></span> <span class='ocrx_word' id='word_1_113' title='bbox 1008 1853 1296 1913; x_wconf 87' lang='lat' dir='ltr'><strong>Walther.</strong></span> <span class='ocrx_word' id='word_1_114' title='bbox 1342 1854 1406 1912; x_wconf 91' lang='lat' dir='ltr'><strong>et</strong></span> <span class='ocrx_word' id='word_1_115' title='bbox 1448 1853 1710 1928; x_wconf 83' lang='lat' dir='ltr'><strong>Rupert.</strong></span> <span class='ocrx_word' id='word_1_116' title='bbox 1757 1852 1835 1911; x_wconf 82' lang='lat' dir='ltr'><strong>ad</strong></span> <span class='ocrx_word' id='word_1_117' title='bbox 1881 1854 2079 1917; x_wconf 80' lang='lat' dir='ltr'><strong>Tacit.</strong></span> <span class='ocrx_word' id='word_1_118' title='bbox 2122 1854 2286 1916; x_wconf 80' lang='lat' dir='ltr'><strong>Anu.</strong></span> 
     </span>
     <span class='ocr_line' id='line_1_15' title="bbox 193 1949 2288 2032; baseline 0.001 -18"><span class='ocrx_word' id='word_1_119' title='bbox 193 1953 301 2031; x_wconf 83' lang='lat' dir='ltr'><strong>xl,</strong></span> <span class='ocrx_word' id='word_1_120' title='bbox 352 1958 414 2030; x_wconf 83' lang='grc'><strong>2,</strong></span> <span class='ocrx_word' id='word_1_121' title='bbox 465 1955 521 2017; x_wconf 92' lang='grc'><strong>1.</strong></span> <span class='ocrx_word' id='word_1_122' title='bbox 585 1957 809 2017; x_wconf 85' lang='lat' dir='ltr'><strong>Bremi.</strong></span> <span class='ocrx_word' id='word_1_123' title='bbox 854 1958 934 2018; x_wconf 82' lang='lat' dir='ltr'><strong>ad</strong></span> <span class='ocrx_word' id='word_1_124' title='bbox 979 1957 1150 2019; x_wconf 82' lang='lat' dir='ltr'><strong>Suet.</strong></span> <span class='ocrx_word' id='word_1_125' title='bbox 1198 1953 1413 2016; x_wconf 82' lang='lat' dir='ltr'><strong>Claud.</strong></span> <span class='ocrx_word' id='word_1_126' title='bbox 1456 1955 1619 2015; x_wconf 89' lang='lat' dir='ltr'><strong>XIV.</strong></span> <span class='ocrx_word' id='word_1_127' title='bbox 1663 1973 1727 2032; x_wconf 94' lang='grc' dir='ltr'><strong>Ρ.</strong></span> <span class='ocrx_word' id='word_1_128' title='bbox 1774 1949 1951 2031; x_wconf 90' lang='grc'><strong>444.)</strong></span> <span class='ocrx_word' id='word_1_129' title='bbox 1996 1972 2135 2014; x_wconf 87' lang='lat' dir='ltr'><strong>cum</strong></span> <span class='ocrx_word' id='word_1_130' title='bbox 2179 1955 2288 2016; x_wconf 84' lang='lat' dir='ltr'><strong>ab·</strong></span> 
     </span>
     <span class='ocr_line' id='line_1_16' title="bbox 192 2056 2288 2140; baseline 0.002 -25"><span class='ocrx_word' id='word_1_131' title='bbox 192 2057 375 2119; x_wconf 81' lang='lat' dir='ltr'><strong>lativo</strong></span> <span class='ocrx_word' id='word_1_132' title='bbox 425 2060 834 2138; x_wconf 83' lang='lat' dir='ltr'><strong>coniungitur,</strong></span> <span class='ocrx_word' id='word_1_133' title='bbox 883 2059 994 2119; x_wconf 81' lang='lat' dir='ltr'><strong>sed</strong></span> <span class='ocrx_word' id='word_1_134' title='bbox 1037 2077 1175 2118; x_wconf 80' lang='lat' dir='ltr'><strong>cum</strong></span> <span class='ocrx_word' id='word_1_135' title='bbox 1220 2059 1562 2140; x_wconf 77' lang='lat' dir='ltr'><strong>praeposit.</strong></span> <span class='ocrx_word' id='word_1_136' title='bbox 1604 2060 1682 2117; x_wconf 83' lang='lat' dir='ltr'><strong>de</strong></span> <span class='ocrx_word' id='word_1_137' title='bbox 1727 2056 1894 2134; x_wconf 81' lang='lat' dir='ltr'><strong>apud</strong></span> <span class='ocrx_word' id='word_1_138' title='bbox 1936 2057 2088 2117; x_wconf 86' lang='lat' dir='ltr'><strong>alios</strong></span> <span class='ocrx_word' id='word_1_139' title='bbox 2134 2061 2288 2119; x_wconf 81' lang='lat' dir='ltr'><strong>scri-</strong></span> 
     </span>
     <span class='ocr_line' id='line_1_17' title="bbox 192 2157 2286 2236; baseline 0.001 -18"><span class='ocrx_word' id='word_1_140' title='bbox 192 2162 406 2235; x_wconf 84' lang='lat' dir='ltr'><strong>ptores</strong></span> <span class='ocrx_word' id='word_1_141' title='bbox 451 2158 843 2221; x_wconf 83' lang='lat' dir='ltr'><strong>coniunctum</strong></span> <span class='ocrx_word' id='word_1_142' title='bbox 888 2181 984 2223; x_wconf 89' lang='lat' dir='ltr'><strong>me</strong></span> <span class='ocrx_word' id='word_1_143' title='bbox 1027 2160 1329 2222; x_wconf 82' lang='lat' dir='ltr'><strong>invenisse</strong></span> <span class='ocrx_word' id='word_1_144' title='bbox 1377 2176 1502 2218; x_wconf 85' lang='lat' dir='ltr'><strong>non</strong></span> <span class='ocrx_word' id='word_1_145' title='bbox 1553 2157 1868 2220; x_wconf 82' lang='lat' dir='ltr'><strong>recordor.</strong></span> <span class='ocrx_word' id='word_1_146' title='bbox 1904 2188 1991 2201; x_wconf 91' lang='lat'>—</span> <span class='ocrx_word' id='word_1_147' title='bbox 2073 2177 2136 2236; x_wconf 84' lang='lat' dir='ltr'><strong>p.</strong></span> <span class='ocrx_word' id='word_1_148' title='bbox 2187 2158 2286 2236; x_wconf 88' lang='grc'><strong>11,</strong></span> 
     </span>
     <span class='ocr_line' id='line_1_18' title="bbox 192 2258 2286 2341; baseline -0.001 -20"><span class='ocrx_word' id='word_1_149' title='bbox 192 2261 295 2325; x_wconf 87' lang='grc'><strong>28.</strong></span> <span class='ocrx_word' id='word_1_150' title='bbox 336 2261 717 2341; x_wconf 70' lang='lat' dir='ltr'><strong>sacrileyio]</strong></span> <span class='ocrx_word' id='word_1_151' title='bbox 786 2264 1033 2324; x_wconf 82' lang='lat' dir='ltr'><strong>Pseudo</strong></span> <span class='ocrx_word' id='word_1_152' title='bbox 1056 2298 1085 2309; x_wconf 88' lang='lat'>-</span> <span class='ocrx_word' id='word_1_153' title='bbox 1109 2265 1375 2322; x_wconf 80' lang='lat' dir='ltr'><strong>Thomas</strong></span> <span class='ocrx_word' id='word_1_154' title='bbox 1434 2258 1708 2338; x_wconf 81' lang='lat' dir='ltr'><strong>Aquinas</strong></span> <span class='ocrx_word' id='word_1_155' title='bbox 1768 2262 1830 2319; x_wconf 86' lang='lat' dir='ltr'><strong>et</strong></span> <span class='ocrx_word' id='word_1_156' title='bbox 1872 2258 2003 2318; x_wconf 88' lang='lat' dir='ltr'><strong>eius</strong></span> <span class='ocrx_word' id='word_1_157' title='bbox 2063 2259 2286 2319; x_wconf 82' lang='lat' dir='ltr'><strong>cohors</strong></span> 
     </span>
     <span class='ocr_line' id='line_1_19' title="bbox 188 2358 2284 2447; baseline -0.001 -23"><span class='ocrx_word' id='word_1_158' title='bbox 188 2365 346 2427; x_wconf 83' lang='lat' dir='ltr'><strong>hane</strong></span> <span class='ocrx_word' id='word_1_159' title='bbox 391 2384 607 2427; x_wconf 79' lang='lat' dir='ltr'><strong>vocem</strong></span> <span class='ocrx_word' id='word_1_160' title='bbox 652 2363 727 2426; x_wconf 80' lang='lat' dir='ltr'><strong>de</strong></span> <span class='ocrx_word' id='word_1_161' title='bbox 773 2371 905 2428; x_wconf 84' lang='lat' dir='ltr'><strong>arte</strong></span> <span class='ocrx_word' id='word_1_162' title='bbox 952 2367 1188 2447; x_wconf 81' lang='lat' dir='ltr'><strong>magica</strong></span> <span class='ocrx_word' id='word_1_163' title='bbox 1241 2358 1458 2423; x_wconf 76' lang='lat' dir='ltr'><strong>&#39;volunt</strong></span> <span class='ocrx_word' id='word_1_164' title='bbox 1505 2362 1796 2443; x_wconf 77' lang='lat' dir='ltr'><strong>intelligi,</strong></span> <span class='ocrx_word' id='word_1_165' title='bbox 1855 2377 2045 2438; x_wconf 81' lang='lat' dir='ltr'><strong>quare</strong></span> <span class='ocrx_word' id='word_1_166' title='bbox 2090 2360 2284 2437; x_wconf 81' lang='lat' dir='ltr'><strong>Cally.</strong></span> 
     </span>
     <span class='ocr_line' id='line_1_20' title="bbox 187 2462 2285 2551; baseline -0.002 -21"><span class='ocrx_word' id='word_1_167' title='bbox 187 2472 515 2551; x_wconf 69' lang='lat' dir='ltr'><strong>sortileyio</strong></span> <span class='ocrx_word' id='word_1_168' title='bbox 584 2466 973 2529; x_wconf 79' lang='lat' dir='ltr'><strong>scribendum</strong></span> <span class='ocrx_word' id='word_1_169' title='bbox 1042 2468 1411 2540; x_wconf 73' lang='lat' dir='ltr'><strong>existimat,‘</strong></span> <span class='ocrx_word' id='word_1_170' title='bbox 1445 2465 1625 2527; x_wconf 85' lang='lat' dir='ltr'><strong>male.</strong></span> <span class='ocrx_word' id='word_1_171' title='bbox 1722 2462 1873 2525; x_wconf 84' lang='lat' dir='ltr'><strong>Nam</strong></span> <span class='ocrx_word' id='word_1_172' title='bbox 1938 2480 2138 2540; x_wconf 79' lang='lat' dir='ltr'><strong>neque</strong></span> <span class='ocrx_word' id='word_1_173' title='bbox 2206 2463 2285 2526; x_wconf 77' lang='lat' dir='ltr'><strong>do</strong></span> 
     </span>
     <span class='ocr_line' id='line_1_21' title="bbox 187 2567 2286 2649; baseline 0.004 -25"><span class='ocrx_word' id='word_1_174' title='bbox 187 2572 588 2645; x_wconf 69' lang='grc' dir='ltr'><strong>νεκρομαντείᾳ</strong></span> <span class='ocrx_word' id='word_1_175' title='bbox 630 2589 830 2648; x_wconf 81' lang='lat' dir='ltr'><strong>neque</strong></span> <span class='ocrx_word' id='word_1_176' title='bbox 889 2572 967 2633; x_wconf 84' lang='lat' dir='ltr'><strong>‹le</strong></span> <span class='ocrx_word' id='word_1_177' title='bbox 1008 2591 1216 2633; x_wconf 85' lang='lat' dir='ltr'><strong>rerum</strong></span> <span class='ocrx_word' id='word_1_178' title='bbox 1275 2587 1587 2632; x_wconf 81' lang='lat' dir='ltr'><strong>sacrarum</strong></span> <span class='ocrx_word' id='word_1_179' title='bbox 1645 2569 1823 2629; x_wconf 80' lang='lat' dir='ltr'><strong>furtis</strong></span> <span class='ocrx_word' id='word_1_180' title='bbox 1881 2567 2116 2649; x_wconf 83' lang='lat' dir='ltr'><strong>agitur,</strong></span> <span class='ocrx_word' id='word_1_181' title='bbox 2173 2569 2286 2632; x_wconf 71' lang='lat' dir='ltr'><strong>sod</strong></span> 
     </span>
     <span class='ocr_line' id='line_1_22' title="bbox 185 2667 2284 2751; baseline 0.003 -23"><span class='ocrx_word' id='word_1_182' title='bbox 185 2669 302 2730; x_wconf 85' lang='lat' dir='ltr'><strong>hoc</strong></span> <span class='ocrx_word' id='word_1_183' title='bbox 362 2669 618 2732; x_wconf 82' lang='lat' dir='ltr'><strong>verbum</strong></span> <span class='ocrx_word' id='word_1_184' title='bbox 680 2676 895 2736; x_wconf 83' lang='lat' dir='ltr'><strong>eodem</strong></span> <span class='ocrx_word' id='word_1_185' title='bbox 955 2694 1174 2750; x_wconf 85' lang='lat' dir='ltr'><strong>seusu,</strong></span> <span class='ocrx_word' id='word_1_186' title='bbox 1242 2694 1362 2751; x_wconf 91' lang='lat' dir='ltr'><strong>quo</strong></span> <span class='ocrx_word' id='word_1_187' title='bbox 1426 2673 1653 2751; x_wconf 84' lang='lat' dir='ltr'><strong>legitur</strong></span> <span class='ocrx_word' id='word_1_188' title='bbox 1694 2671 1758 2729; x_wconf 87' lang='lat' dir='ltr'><strong>in</strong></span> <span class='ocrx_word' id='word_1_189' title='bbox 1802 2667 1952 2731; x_wconf 76' lang='lat' dir='ltr'><strong>cod.</strong></span> <span class='ocrx_word' id='word_1_190' title='bbox 1999 2673 2284 2734; x_wconf 77' lang='lat' dir='ltr'><strong>Theodo-</strong></span> 
     </span>
     <span class='ocr_line' id='line_1_23' title="bbox 185 2772 2287 2856; baseline 0.004 -25"><span class='ocrx_word' id='word_1_191' title='bbox 185 2775 398 2850; x_wconf 82' lang='lat' dir='ltr'><strong>siano,</strong></span> <span class='ocrx_word' id='word_1_192' title='bbox 461 2793 611 2835; x_wconf 89' lang='lat' dir='ltr'><strong>usus</strong></span> <span class='ocrx_word' id='word_1_193' title='bbox 671 2796 807 2837; x_wconf 81' lang='lat' dir='ltr'><strong>esse</strong></span> <span class='ocrx_word' id='word_1_194' title='bbox 868 2776 1010 2838; x_wconf 83' lang='lat' dir='ltr'><strong>mihi</strong></span> <span class='ocrx_word' id='word_1_195' title='bbox 1065 2779 1308 2840; x_wconf 78' lang='lat' dir='ltr'><strong>videtur</strong></span> <span class='ocrx_word' id='word_1_196' title='bbox 1360 2775 1694 2849; x_wconf 84' lang='lat' dir='ltr'><strong>Boethius,</strong></span> <span class='ocrx_word' id='word_1_197' title='bbox 1751 2772 1860 2832; x_wconf 86' lang='lat' dir='ltr'><strong>ubi</strong></span> <span class='ocrx_word' id='word_1_198' title='bbox 1912 2776 1990 2835; x_wconf 80' lang='lat' dir='ltr'><strong>de</strong></span> <span class='ocrx_word' id='word_1_199' title='bbox 2050 2779 2133 2836; x_wconf 72' lang='lat' dir='ltr'><strong>iic</strong></span> <span class='ocrx_word' id='word_1_200' title='bbox 2178 2781 2287 2856; x_wconf 73' lang='lat' dir='ltr'><strong>qui</strong></span> 
     </span>
     <span class='ocr_line' id='line_1_24' title="bbox 181 2878 2287 2960; baseline 0.002 -26"><span class='ocrx_word' id='word_1_201' title='bbox 181 2878 357 2956; x_wconf 65' lang='lat' dir='ltr'><strong>leges</strong></span> <span class='ocrx_word' id='word_1_202' title='bbox 405 2882 996 2960; x_wconf 72' lang='lat' dir='ltr'><strong>constitutionesque</strong></span> <span class='ocrx_word' id='word_1_203' title='bbox 1058 2884 1293 2942; x_wconf 79' lang='lat' dir='ltr'><strong>violant</strong></span> <span class='ocrx_word' id='word_1_204' title='bbox 1310 2922 1328 2954; x_wconf 93' lang='lat'><strong>,</strong></span> <span class='ocrx_word' id='word_1_205' title='bbox 1372 2886 1439 2938; x_wconf 80' lang='lat' dir='ltr'><strong>et</strong></span> <span class='ocrx_word' id='word_1_206' title='bbox 1493 2880 1572 2937; x_wconf 84' lang='lat' dir='ltr'><strong>dc</strong></span> <span class='ocrx_word' id='word_1_207' title='bbox 1629 2879 1712 2935; x_wconf 76' lang='lat' dir='ltr'><strong>iis</strong></span> <span class='ocrx_word' id='word_1_208' title='bbox 1770 2880 1879 2954; x_wconf 80' lang='lat' dir='ltr'><strong>qui</strong></span> <span class='ocrx_word' id='word_1_209' title='bbox 1933 2880 2287 2939; x_wconf 68' lang='lat' dir='ltr'><strong>maiestatis</strong></span> 
     </span>
     <span class='ocr_line' id='line_1_25' title="bbox 182 2971 2284 3058; baseline 0.003 -21"><span class='ocrx_word' id='word_1_210' title='bbox 182 2971 590 3054; x_wconf 75' lang='lat' dir='ltr'><strong>accusantur,</strong></span> <span class='ocrx_word' id='word_1_211' title='bbox 636 2983 892 3058; x_wconf 83' lang='lat' dir='ltr'><strong>dicitur,</strong></span> <span class='ocrx_word' id='word_1_212' title='bbox 953 2985 1032 3045; x_wconf 81' lang='lat' dir='ltr'><strong>cf.</strong></span> <span class='ocrx_word' id='word_1_213' title='bbox 1075 2985 1117 3046; x_wconf 93' lang='lat' dir='ltr'><strong>l.</strong></span> <span class='ocrx_word' id='word_1_214' title='bbox 1159 2980 1234 3058; x_wconf 91' lang='lat' dir='ltr'><strong>ll,</strong></span> <span class='ocrx_word' id='word_1_215' title='bbox 1280 2980 1338 3040; x_wconf 85' lang='lat'><strong>6.</strong></span> <span class='ocrx_word' id='word_1_216' title='bbox 1398 2981 1494 3039; x_wconf 79' lang='lat' dir='ltr'><strong>tit.</strong></span> <span class='ocrx_word' id='word_1_217' title='bbox 1540 2978 1599 3036; x_wconf 89' lang='grc'><strong>5.</strong></span> <span class='ocrx_word' id='word_1_218' title='bbox 1642 2977 1686 3036; x_wconf 93' lang='lat' dir='ltr'><strong>l.</strong></span> <span class='ocrx_word' id='word_1_219' title='bbox 1733 2976 1849 3053; x_wconf 80' lang='lat'><strong>303</strong></span> <span class='ocrx_word' id='word_1_220' title='bbox 1910 2978 1948 3038; x_wconf 89' lang='grc'><strong>7</strong></span> <span class='ocrx_word' id='word_1_221' title='bbox 1994 2982 2089 3040; x_wconf 83' lang='lat' dir='ltr'><strong>tit.</strong></span> <span class='ocrx_word' id='word_1_222' title='bbox 2131 2981 2174 3042; x_wconf 93' lang='lat'><strong>1.</strong></span> <span class='ocrx_word' id='word_1_223' title='bbox 2221 2982 2284 3044; x_wconf 91' lang='grc'><strong>4.</strong></span> 
     </span>
     <span class='ocr_line' id='line_1_26' title="bbox 180 3079 2284 3163; baseline 0.002 -22"><span class='ocrx_word' id='word_1_224' title='bbox 180 3082 225 3141; x_wconf 91' lang='lat' dir='ltr'><strong>l.</strong></span> <span class='ocrx_word' id='word_1_225' title='bbox 272 3083 373 3143; x_wconf 87' lang='lat'><strong>15.</strong></span> <span class='ocrx_word' id='word_1_226' title='bbox 425 3082 527 3143; x_wconf 87' lang='grc'><strong>24.</strong></span> <span class='ocrx_word' id='word_1_227' title='bbox 586 3088 650 3143; x_wconf 86' lang='lat' dir='ltr'><strong>et</strong></span> <span class='ocrx_word' id='word_1_228' title='bbox 711 3088 950 3146; x_wconf 86' lang='lat' dir='ltr'><strong>ceteros</strong></span> <span class='ocrx_word' id='word_1_229' title='bbox 1009 3106 1163 3163; x_wconf 89' lang='lat' dir='ltr'><strong>quos</strong></span> <span class='ocrx_word' id='word_1_230' title='bbox 1224 3079 1588 3145; x_wconf 82' lang='lat' dir='ltr'><strong>Gothofred.</strong></span> <span class='ocrx_word' id='word_1_231' title='bbox 1647 3081 1711 3138; x_wconf 84' lang='lat' dir='ltr'><strong>in</strong></span> <span class='ocrx_word' id='word_1_232' title='bbox 1762 3079 2025 3159; x_wconf 84' lang='lat' dir='ltr'><strong>glossar.</strong></span> <span class='ocrx_word' id='word_1_233' title='bbox 2086 3087 2284 3144; x_wconf 85' lang='lat' dir='ltr'><strong>nomi-</strong></span> 
     </span>
     <span class='ocr_line' id='line_1_27' title="bbox 179 3185 1598 3249; baseline -0.001 -3"><span class='ocrx_word' id='word_1_234' title='bbox 179 3204 254 3246; x_wconf 84' lang='lat' dir='ltr'><strong>co</strong></span> <span class='ocrx_word' id='word_1_235' title='bbox 298 3189 366 3245; x_wconf 88' lang='lat' dir='ltr'><strong>iu</strong></span> <span class='ocrx_word' id='word_1_236' title='bbox 412 3185 562 3245; x_wconf 81' lang='lat' dir='ltr'><strong>Cod.</strong></span> <span class='ocrx_word' id='word_1_237' title='bbox 611 3188 917 3248; x_wconf 80' lang='lat' dir='ltr'><strong>Theodos.</strong></span> <span class='ocrx_word' id='word_1_238' title='bbox 961 3190 1140 3249; x_wconf 83' lang='lat' dir='ltr'><strong>affert</strong></span> <span class='ocrx_word' id='word_1_239' title='bbox 1182 3186 1374 3247; x_wconf 86' lang='lat' dir='ltr'><strong>locos.</strong></span> <span class='ocrx_word' id='word_1_240' title='bbox 1419 3214 1505 3224; x_wconf 91' lang='lat'><strong>——</strong></span> <span class='ocrx_word' id='word_1_241' title='bbox 1595 3241 1598 3244; x_wconf 77' lang='grc'><strong>,</strong></span> 
     </span>
    </p>

    <p class='ocr_par' dir='ltr' id='par_1_4' title="bbox 150 3279 2285 4494">
     <span class='ocr_line' id='line_1_28' title="bbox 348 3279 2281 3368; baseline -0.003 -17"><span class='ocrx_word' id='word_1_242' title='bbox 348 3311 420 3368; x_wconf 87' lang='grc' dir='ltr'><strong>Ρ.</strong></span> <span class='ocrx_word' id='word_1_243' title='bbox 487 3289 600 3363; x_wconf 88' lang='grc'><strong>12,</strong></span> <span class='ocrx_word' id='word_1_244' title='bbox 670 3291 723 3350; x_wconf 93' lang='grc'><strong>1.</strong></span> <span class='ocrx_word' id='word_1_245' title='bbox 783 3288 925 3349; x_wconf 67' lang='grc' dir='ltr'><strong>ἕπου</strong></span> <span class='ocrx_word' id='word_1_246' title='bbox 977 3294 1094 3366; x_wconf 72' lang='grc' dir='ltr'><strong>θεῷ</strong></span> <span class='ocrx_word' id='word_1_247' title='bbox 1122 3313 1126 3320; x_wconf 92' lang='grc'><em>·</em></span> <span class='ocrx_word' id='word_1_248' title='bbox 1158 3288 1236 3349; x_wconf 81' lang='lat' dir='ltr'><strong>cf.</strong></span> <span class='ocrx_word' id='word_1_249' title='bbox 1297 3284 1535 3345; x_wconf 87' lang='lat' dir='ltr'><strong>Erasm.</strong></span> <span class='ocrx_word' id='word_1_250' title='bbox 1595 3279 1795 3362; x_wconf 81' lang='lat' dir='ltr'><strong>Adag.</strong></span> <span class='ocrx_word' id='word_1_251' title='bbox 1854 3301 1918 3361; x_wconf 84' lang='grc' dir='ltr'><strong>Ρ.</strong></span> <span class='ocrx_word' id='word_1_252' title='bbox 1978 3282 2124 3345; x_wconf 89' lang='grc'><strong>400.</strong></span> <span class='ocrx_word' id='word_1_253' title='bbox 2183 3286 2281 3352; x_wconf 73' lang='lat' dir='ltr'><strong>ed,</strong></span> 
     </span>
     <span class='ocr_line' id='line_1_29' title="bbox 174 3382 2285 3468; baseline 0 -16"><span class='ocrx_word' id='word_1_254' title='bbox 174 3389 322 3452; x_wconf 89' lang='lat' dir='ltr'><strong>Bas.</strong></span> <span class='ocrx_word' id='word_1_255' title='bbox 361 3420 452 3437; x_wconf 87' lang='lat'>-</span> <span class='ocrx_word' id='word_1_256' title='bbox 536 3410 598 3468; x_wconf 85' lang='lat' dir='ltr'><strong>p.</strong></span> <span class='ocrx_word' id='word_1_257' title='bbox 652 3390 767 3466; x_wconf 91' lang='grc'><strong>12,</strong></span> <span class='ocrx_word' id='word_1_258' title='bbox 812 3391 872 3451; x_wconf 93' lang='grc'><strong>5.</strong></span> <span class='ocrx_word' id='word_1_259' title='bbox 931 3401 1192 3453; x_wconf 67' lang='lat' dir='ltr'><strong>sanctus</strong></span> <span class='ocrx_word' id='word_1_260' title='bbox 1249 3397 1397 3450; x_wconf 78' lang='lat' dir='ltr'><strong>actu</strong></span> <span class='ocrx_word' id='word_1_261' title='bbox 1459 3382 1640 3465; x_wconf 73' lang='lat' dir='ltr'><strong>ipso]</strong></span> <span class='ocrx_word' id='word_1_262' title='bbox 1695 3386 1867 3447; x_wconf 80' lang='lat' dir='ltr'><strong>Eieci</strong></span> <span class='ocrx_word' id='word_1_263' title='bbox 1924 3388 2285 3466; x_wconf 69' lang='lat' dir='ltr'><strong>Symmachi</strong></span> 
     </span>
     <span class='ocr_line' id='line_1_30' title="bbox 174 3489 2279 3573; baseline 0.001 -20"><span class='ocrx_word' id='word_1_264' title='bbox 174 3511 447 3566; x_wconf 77' lang='lat' dir='ltr'><strong>nomeu,</strong></span> <span class='ocrx_word' id='word_1_265' title='bbox 507 3491 673 3569; x_wconf 88' lang='lat' dir='ltr'><strong>quod</strong></span> <span class='ocrx_word' id='word_1_266' title='bbox 729 3492 1034 3573; x_wconf 82' lang='lat' dir='ltr'><strong>glossema</strong></span> <span class='ocrx_word' id='word_1_267' title='bbox 1090 3493 1305 3572; x_wconf 86' lang='lat' dir='ltr'><strong>paucis</strong></span> <span class='ocrx_word' id='word_1_268' title='bbox 1363 3493 1600 3549; x_wconf 86' lang='lat' dir='ltr'><strong>tautum</strong></span> <span class='ocrx_word' id='word_1_269' title='bbox 1663 3491 1727 3548; x_wconf 81' lang='lat' dir='ltr'><strong>in</strong></span> <span class='ocrx_word' id='word_1_270' title='bbox 1784 3489 1954 3552; x_wconf 86' lang='lat' dir='ltr'><strong>libris</strong></span> <span class='ocrx_word' id='word_1_271' title='bbox 2017 3489 2109 3571; x_wconf 84' lang='lat' dir='ltr'><strong>[iu</strong></span> <span class='ocrx_word' id='word_1_272' title='bbox 2152 3510 2279 3555; x_wconf 80' lang='lat' dir='ltr'><strong>uuo</strong></span> 
     </span>
     <span class='ocr_line' id='line_1_31' title="bbox 170 3590 2276 3676; baseline -0.001 -19"><span class='ocrx_word' id='word_1_273' title='bbox 170 3616 299 3660; x_wconf 82' lang='lat' dir='ltr'><strong>sec.</strong></span> <span class='ocrx_word' id='word_1_274' title='bbox 330 3591 542 3674; x_wconf 65' lang='lat' dir='ltr'><strong>xm]</strong></span> <span class='ocrx_word' id='word_1_275' title='bbox 578 3596 823 3676; x_wconf 75' lang='lat' dir='ltr'><strong>legitur.</strong></span> <span class='ocrx_word' id='word_1_276' title='bbox 869 3595 1034 3656; x_wconf 85' lang='lat' dir='ltr'><strong>Male</strong></span> <span class='ocrx_word' id='word_1_277' title='bbox 1067 3599 1270 3655; x_wconf 80' lang='lat' dir='ltr'><strong>autem</strong></span> <span class='ocrx_word' id='word_1_278' title='bbox 1311 3598 1513 3653; x_wconf 71' lang='lat' dir='ltr'><strong>sanct.</strong></span> <span class='ocrx_word' id='word_1_279' title='bbox 1557 3590 2045 3667; x_wconf 70' lang='lat' dir='ltr'><strong>interpretantur</strong></span> <span class='ocrx_word' id='word_1_280' title='bbox 2080 3598 2276 3674; x_wconf 69' lang='lat' dir='ltr'><strong>pium,</strong></span> 
     </span>
     <span class='ocr_line' id='line_1_32' title="bbox 173 3694 2275 3779; baseline 0 -18"><span class='ocrx_word' id='word_1_281' title='bbox 173 3698 456 3776; x_wconf 80' lang='lat' dir='ltr'><strong>quamvis</strong></span> <span class='ocrx_word' id='word_1_282' title='bbox 503 3698 652 3759; x_wconf 82' lang='lat' dir='ltr'><strong>nihil</strong></span> <span class='ocrx_word' id='word_1_283' title='bbox 699 3696 869 3759; x_wconf 82' lang='lat' dir='ltr'><strong>aliud</strong></span> <span class='ocrx_word' id='word_1_284' title='bbox 912 3697 1214 3777; x_wconf 76' lang='lat' dir='ltr'><strong>significet</strong></span> <span class='ocrx_word' id='word_1_285' title='bbox 1270 3695 1386 3755; x_wconf 84' lang='lat' dir='ltr'><strong>nisi</strong></span> <span class='ocrx_word' id='word_1_286' title='bbox 1442 3694 1522 3752; x_wconf 82' lang='lat' dir='ltr'><strong>ab</strong></span> <span class='ocrx_word' id='word_1_287' title='bbox 1566 3695 1801 3753; x_wconf 76' lang='lat' dir='ltr'><strong>iniuria</strong></span> <span class='ocrx_word' id='word_1_288' title='bbox 1848 3715 2112 3759; x_wconf 76' lang='lat' dir='ltr'><strong>vacuum</strong></span> <span class='ocrx_word' id='word_1_289' title='bbox 2158 3697 2275 3779; x_wconf 85' lang='lat' dir='ltr'><strong>(cf.</strong></span> 
     </span>
     <span class='ocr_line' id='line_1_33' title="bbox 168 3794 2274 3879; baseline 0 -17"><span class='ocrx_word' id='word_1_290' title='bbox 168 3802 527 3879; x_wconf 72' lang='lat' dir='ltr'><strong>symmach.</strong></span> <span class='ocrx_word' id='word_1_291' title='bbox 570 3801 686 3879; x_wconf 84' lang='lat' dir='ltr'><strong>Ep.</strong></span> <span class='ocrx_word' id='word_1_292' title='bbox 728 3795 803 3875; x_wconf 86' lang='lat' dir='ltr'><strong>ll,</strong></span> <span class='ocrx_word' id='word_1_293' title='bbox 858 3796 1011 3877; x_wconf 83' lang='lat'><strong>11.)‚</strong></span> <span class='ocrx_word' id='word_1_294' title='bbox 1072 3803 1134 3861; x_wconf 79' lang='lat' dir='ltr'><strong>et</strong></span> <span class='ocrx_word' id='word_1_295' title='bbox 1177 3801 1254 3860; x_wconf 89' lang='lat' dir='ltr'><strong>ob</strong></span> <span class='ocrx_word' id='word_1_296' title='bbox 1300 3794 1576 3860; x_wconf 79' lang='lat' dir='ltr'><strong>eamdem</strong></span> <span class='ocrx_word' id='word_1_297' title='bbox 1636 3814 1915 3858; x_wconf 78' lang='lat' dir='ltr'><strong>caussam</strong></span> <span class='ocrx_word' id='word_1_298' title='bbox 1976 3817 2115 3859; x_wconf 78' lang='lat' dir='ltr'><strong>cum</strong></span> <span class='ocrx_word' id='word_1_299' title='bbox 2173 3819 2274 3862; x_wconf 84' lang='lat' dir='ltr'><strong>se·</strong></span> 
     </span>
     <span class='ocr_line' id='line_1_34' title="bbox 166 3900 2278 3980; baseline 0.001 -18"><span class='ocrx_word' id='word_1_300' title='bbox 166 3902 510 3980; x_wconf 68' lang='lat' dir='ltr'><strong>«luentibus</strong></span> <span class='ocrx_word' id='word_1_301' title='bbox 577 3911 725 3963; x_wconf 84' lang='lat' dir='ltr'><strong>actu</strong></span> <span class='ocrx_word' id='word_1_302' title='bbox 789 3904 929 3978; x_wconf 77' lang='lat' dir='ltr'><strong>ipso</strong></span> <span class='ocrx_word' id='word_1_303' title='bbox 1003 3901 1326 3962; x_wconf 78' lang='lat' dir='ltr'><strong>reverend.</strong></span> <span class='ocrx_word' id='word_1_304' title='bbox 1389 3900 1431 3961; x_wconf 86' lang='lat' dir='ltr'><strong>i.</strong></span> <span class='ocrx_word' id='word_1_305' title='bbox 1493 3918 1547 3959; x_wconf 87' lang='lat' dir='ltr'><strong>e.</strong></span> <span class='ocrx_word' id='word_1_306' title='bbox 1606 3901 1745 3959; x_wconf 72' lang='lat' dir='ltr'><strong>suis</strong></span> <span class='ocrx_word' id='word_1_307' title='bbox 1801 3903 2005 3976; x_wconf 71' lang='lat' dir='ltr'><strong>ipsius</strong></span> <span class='ocrx_word' id='word_1_308' title='bbox 2055 3902 2278 3980; x_wconf 69' lang='lat' dir='ltr'><strong>factis,</strong></span> 
     </span>
     <span class='ocr_line' id='line_1_35' title="bbox 162 3998 2275 4084; baseline -0 -18"><span class='ocrx_word' id='word_1_309' title='bbox 162 4006 331 4066; x_wconf 86' lang='lat' dir='ltr'><strong>bene</strong></span> <span class='ocrx_word' id='word_1_310' title='bbox 369 4006 709 4064; x_wconf 83' lang='lat' dir='ltr'><strong>conveniat.</strong></span> <span class='ocrx_word' id='word_1_311' title='bbox 795 3999 1008 4084; x_wconf 86' lang='lat' dir='ltr'><strong>Itaque</strong></span> <span class='ocrx_word' id='word_1_312' title='bbox 1054 4020 1252 4080; x_wconf 81' lang='lat' dir='ltr'><strong>neque</strong></span> <span class='ocrx_word' id='word_1_313' title='bbox 1290 3998 1581 4060; x_wconf 77' lang='lat' dir='ltr'><strong>Sitzmaui</strong></span> <span class='ocrx_word' id='word_1_314' title='bbox 1621 4002 1847 4077; x_wconf 83' lang='lat' dir='ltr'><strong>suspie.</strong></span> <span class='ocrx_word' id='word_1_315' title='bbox 1890 4024 1970 4064; x_wconf 77' lang='lat' dir='ltr'><strong>ac</strong></span> <span class='ocrx_word' id='word_1_316' title='bbox 2002 4012 2073 4065; x_wconf 79' lang='lat' dir='ltr'><strong>tu</strong></span> <span class='ocrx_word' id='word_1_317' title='bbox 2109 4008 2275 4081; x_wconf 65' lang='lat' dir='ltr'><strong>ipsa,</strong></span> 
     </span>
     <span class='ocr_line' id='line_1_36' title="bbox 163 4100 2273 4188; baseline 0.002 -23"><span class='ocrx_word' id='word_1_318' title='bbox 163 4125 379 4183; x_wconf 87' lang='lat' dir='ltr'><strong>neque</strong></span> <span class='ocrx_word' id='word_1_319' title='bbox 411 4105 646 4166; x_wconf 85' lang='lat' dir='ltr'><strong>Barthii</strong></span> <span class='ocrx_word' id='word_1_320' title='bbox 681 4103 970 4188; x_wconf 81' lang='lat' dir='ltr'><strong>(Advers.</strong></span> <span class='ocrx_word' id='word_1_321' title='bbox 988 4105 1141 4180; x_wconf 89' lang='lat' dir='ltr'><strong>LVI,</strong></span> <span class='ocrx_word' id='word_1_322' title='bbox 1164 4100 1294 4179; x_wconf 89' lang='grc'><strong>10.)</strong></span> <span class='ocrx_word' id='word_1_323' title='bbox 1340 4110 1404 4162; x_wconf 81' lang='lat' dir='ltr'><strong>et</strong></span> <span class='ocrx_word' id='word_1_324' title='bbox 1446 4121 1647 4180; x_wconf 83' lang='lat' dir='ltr'><strong>aeque</strong></span> <span class='ocrx_word' id='word_1_325' title='bbox 1684 4119 1841 4164; x_wconf 71' lang='lat' dir='ltr'><strong>cam</strong></span> <span class='ocrx_word' id='word_1_326' title='bbox 1869 4107 2010 4181; x_wconf 71' lang='lat' dir='ltr'><strong>ipso</strong></span> <span class='ocrx_word' id='word_1_327' title='bbox 2035 4110 2273 4184; x_wconf 62' lang='lat' dir='ltr'><strong>probos</strong></span> 
     </span>
     <span class='ocr_line' id='line_1_37' title="bbox 157 4205 2275 4285; baseline -0 -13"><span class='ocrx_word' id='word_1_328' title='bbox 157 4211 276 4272; x_wconf 74' lang='lat' dir='ltr'><strong>sed</strong></span> <span class='ocrx_word' id='word_1_329' title='bbox 338 4207 441 4267; x_wconf 78' lang='lat' dir='ltr'><strong>vd.</strong></span> <span class='ocrx_word' id='word_1_330' title='bbox 492 4209 595 4283; x_wconf 90' lang='lat' dir='ltr'><strong>IV,</strong></span> <span class='ocrx_word' id='word_1_331' title='bbox 641 4206 701 4267; x_wconf 86' lang='lat'><strong>6.</strong></span> <span class='ocrx_word' id='word_1_332' title='bbox 762 4227 824 4285; x_wconf 91' lang='grc' dir='ltr'><strong>Ρ.</strong></span> <span class='ocrx_word' id='word_1_333' title='bbox 878 4206 993 4285; x_wconf 81' lang='grc'><strong>91,</strong></span> <span class='ocrx_word' id='word_1_334' title='bbox 1059 4205 1157 4268; x_wconf 87' lang='grc'><strong>13.</strong></span> <span class='ocrx_word' id='word_1_335' title='bbox 1219 4205 1463 4264; x_wconf 73' lang='lat' dir='ltr'><strong>cunctis</strong></span> <span class='ocrx_word' id='word_1_336' title='bbox 1536 4207 1872 4267; x_wconf 71' lang='lat' dir='ltr'><strong>virtutibus</strong></span> <span class='ocrx_word' id='word_1_337' title='bbox 1944 4208 2275 4273; x_wconf 65' lang='lat' dir='ltr'><strong>absolutus</strong></span> 
     </span>
     <span class='ocr_line' id='line_1_38' title="bbox 152 4306 2274 4391; baseline 0.002 -21"><span class='ocrx_word' id='word_1_338' title='bbox 152 4318 551 4389; x_wconf 69' lang='lat' dir='ltr'><strong>sanctusque</strong></span> <span class='ocrx_word' id='word_1_339' title='bbox 609 4307 806 4390; x_wconf 82' lang='lat' dir='ltr'><strong>[quod</strong></span> <span class='ocrx_word' id='word_1_340' title='bbox 851 4310 1009 4371; x_wconf 86' lang='lat' dir='ltr'><strong>bene</strong></span> <span class='ocrx_word' id='word_1_341' title='bbox 1064 4306 1246 4368; x_wconf 83' lang='lat' dir='ltr'><strong>vertit</strong></span> <span class='ocrx_word' id='word_1_342' title='bbox 1287 4306 1589 4388; x_wconf 70' lang='lat' dir='ltr'><strong>Freytaga</strong></span> <span class='ocrx_word' id='word_1_343' title='bbox 1646 4308 2138 4391; x_wconf 66' lang='lat' dir='ltr'><strong>reclutsckaffen]</strong></span> <span class='ocrx_word' id='word_1_344' title='bbox 2192 4333 2274 4375; x_wconf 72' lang='lat' dir='ltr'><strong>ac</strong></span> 
     </span>
     <span class='ocr_line' id='line_1_39' title="bbox 150 4406 2266 4494; baseline -0 -19"><span class='ocrx_word' id='word_1_345' title='bbox 150 4417 278 4477; x_wconf 78' lang='lat' dir='ltr'><strong>deo</strong></span> <span class='ocrx_word' id='word_1_346' title='bbox 335 4433 522 4494; x_wconf 71' lang='lat' dir='ltr'><strong>prox.</strong></span> <span class='ocrx_word' id='word_1_347' title='bbox 582 4413 664 4472; x_wconf 81' lang='lat' dir='ltr'><strong>ib.</strong></span> <span class='ocrx_word' id='word_1_348' title='bbox 729 4408 827 4473; x_wconf 82' lang='lat'><strong>16.</strong></span> <span class='ocrx_word' id='word_1_349' title='bbox 874 4408 1082 4484; x_wconf 71' lang='grc' dir='ltr'>ἀνδρὸς</span> <span class='ocrx_word' id='word_1_350' title='bbox 1117 4406 1165 4484; x_wconf 70' lang='grc' dir='ltr'><strong>δ’</strong></span> <span class='ocrx_word' id='word_1_351' title='bbox 1203 4410 1329 4480; x_wconf 61' lang='lat' dir='ltr'><strong>icon</strong></span> <span class='ocrx_word' id='word_1_352' title='bbox 1372 4411 1493 4472; x_wconf 84' lang='lat' dir='ltr'><strong>etc.</strong></span> <span class='ocrx_word' id='word_1_353' title='bbox 1533 4439 1621 4453; x_wconf 89' lang='lat'><em>-</em></span> <span class='ocrx_word' id='word_1_354' title='bbox 1702 4427 1768 4487; x_wconf 86' lang='grc' dir='ltr'><strong>Ρ.</strong></span> <span class='ocrx_word' id='word_1_355' title='bbox 1817 4410 1930 4488; x_wconf 82' lang='lat'><strong>12,</strong></span> <span class='ocrx_word' id='word_1_356' title='bbox 1972 4411 2035 4474; x_wconf 83' lang='lat'><strong>8.</strong></span> <span class='ocrx_word' id='word_1_357' title='bbox 2093 4418 2266 4480; x_wconf 72' lang='lat' dir='ltr'><strong>vide·-</strong></span> 
     </span>
    </p>
   </div>
  </div>
 </body>
</html>
