2867 5125
920 432 1332 500 Carum·
1416 433 1505 503 11.
2095 453 2262 504 xxxv

192 596 302 669 hoc
346 601 726 683 mirabitur,
785 601 894 670 cui
948 622 1255 691 paganos
1295 614 1455 673 tunc
1496 623 1537 672 e
1603 604 2074 674 cousuetudine
2110 627 2264 675 cum

191 709 553 782 Christianis
588 712 731 782 fere
775 715 1160 799 quotidiana
1199 735 1319 785 eas
1363 737 1573 784 voces
1628 718 1757 783 sihi
1814 716 2262 785 vindicavisse

185 835 378 891 notum
421 837 527 892 est
542 848 564 892 z
634 846 839 913 quare
879 827 948 892 in
982 826 1363 916 Symmachi
1403 825 1706 915 epistolis
1754 839 1822 895 et
1876 828 2054 914 apud
2100 827 2259 896 Am-

185 934 442 1002 mianum
484 935 966 1017 Marcellinum,
1010 957 1205 1026 quem
1245 937 1529 1025 paganis
1570 940 2132 1007 adnumerandum
2151 961 2258 1008 es·

185 1063 249 1148 se
285 1049 455 1114 inter
493 1069 726 1115 omnes
769 1060 1050 1130 constat,
1091 1039 1268 1117 haud
1313 1067 1573 1137 paucae
1612 1051 2024 1137 reperiuntur
2043 1054 2171 1139 ⁸⁸).

327 1207 680 1274 Boethium
722 1230 767 1276 a
811 1207 1054 1276 Christi
1116 1211 1416 1279 doctrina
1460 1209 1742 1279 alienum
1782 1209 1993 1279 fuisse
2035 1210 2257 1279 multis

177 1333 246 1379 ex
281 1322 478 1385 rebus
522 1319 827 1401 efficitur,
855 1322 1156 1406 primum,
1189 1323 1363 1410 quod
1405 1344 1491 1389 ne
1530 1321 1737 1389 semel
1769 1322 2031 1410 quidem
2068 1322 2254 1402 C'lzri·

173 1429 245 1493 είί
278 1434 383 1496 vel
436 1433 541 1498 rei
590 1429 1010 1499 Christianae
1064 1434 1442 1500 mentionem
1494 1434 1739 1519 ἰηίἰείἰ,
1798 1434 2033 1502 deinde
2076 1434 2255 1523 quod

170 1544 534 1623 sententiae,
567 1564 731 1630 quas
763 1543 848 1610 de
877 1542 1002 1609 deo
1032 1544 1100 1611 in
1142 1544 1249 1612 his
1293 1545 1376 1611 de
1406 1543 1732 1624 consolat.
1778 1544 2253 1633 Philosophiae

166 1646 328 1719 libris
370 1656 714 1740 exposuit,
756 1654 1198 1742 philosophae
1239 1670 1392 1723 suut
1433 1666 1502 1722 et
1557 1656 1703 1725 eius
1755 1658 2252 1743 panthei-mum,

167 1779 281 1828 nou
337 1763 725 1851 religionem
788 1765 1214 1833 christianam
1268 1767 1598 1834 indicant·
1657 1777 1795 1835 tum
1856 1771 2031 1857 quod
2073 1768 2255 1857 apud

164 1872 289 1941 eius
331 1876 649 1963 aequales
694 1898 945 1959 eorum,
979 1899 1147 1965 quos
1189 1878 1457 1963 spurios
1499 1881 1894 1965 censuimus,
1937 1880 2253 1948 librorum

164 2000 277 2049 uon
316 2007 593 2075 usquam
637 1988 712 2055 fit
754 1990 1016 2057 mentio.
1101 1988 1310 2057 Nemo
1356 1990 1480 2056 erit
1519 1991 1777 2076 opinor,
1822 1991 1935 2077 qui
1972 1991 2125 2057 iude
2164 1993 2250 2057 ab

161 2095 642 2183 Augustino
686 2121 915 2167 veram
960 2099 1481 2169 Christianorum
1515 2099 2008 2188 philosophiam
2048 2103 2248 2167 reli-

154 2206 466 2290 9ionem
491 2215 603 2296 ³³)
648 2233 801 2320 esse
835 2223 905 2280 et
944 2210 1353 2279 ethnicorum
1387 2211 1754 2278 doctrinam
1787 2222 2249 2298 contempnen-

159 2315 291 2385 dam
333 2323 723 2407 negaverit.
790 2343 1022 2390 omnes
1063 2324 1238 2389 enim
1295 2320 1676 2410 philosophi
1715 2334 1875 2390 tunc
1934 2323 2250 2411 temporis

154 2426 330 2511 fidem
379 2439 455 2518 (ξ,
414 2433 683 2516 ⁰lauba)
729 2445 796 2500 et
838 2433 1171 2500 scientiam
1214 2434 1526 2520 (wissen)
1573 2455 1707 2499 non
1750 2433 2052 2501 diversas
2097 2454 2251 2501 esse

162 2543 341 2609 animi
386 2543 743 2612 facultates
784 2545 1256 2632 opinabantur,
1293 2543 1417 2613 sed
1462 2567 1547 2613 ex
1587 2543 1717 2612 fide
1758 2545 2101 2613 scientiam
2144 2567 2248 2613 ra·

154 2652 677 2723 tiocinatiouibus
722 2658 1112 2743 quibusdam
1163 2657 1608 2740 deducebant;
1649 2678 1842 2755 xnuuc
1909 2678 2071 2724 vero
2120 2657 2249 2724 sci·

153 2767 380 2835 entiam
446 2767 947 2854 philosophiae,
1005 2781 1241 2835 contra
1296 2766 1492 2835 fidem
1548 2767 1857 2857 reliyioni
1925 2766 2249 2834 vindicari

152 2879 465 2947 neminem
528 2878 758 2964 fugiet.
858 2878 1095 2945 Mirum
1155 2878 1354 2964 igitur
1408 2878 1680 2963 fuisset,
1739 2881 1799 2945 si
1848 2877 2048 2945 homo
2108 2878 2246 2965 qui·

154 2984 291 3054 dam
335 2989 744 3057 christianus
783 3011 922 3057 sec.
966 2988 1051 3055 V.
1083 2988 1227 3055 sive
1267 2988 1404 3073 VI„
1449 3010 1606 3077 cumn
1639 2989 1707 3055 in
1752 2988 2033 3057 vinculis
2070 2999 2247 3055 tene·

148 3109 336 3179 retur,
382 3098 879 3188 philosophiam
912 3099 1420 3167 consolatricem
1450 3101 1769 3187 petiisset,
1812 3120 1948 3166 non
1979 3097 2245 3184 religio·

143 3225 319 3276 uem:
388 3214 607 3297 magis
649 3223 869 3279 autem
910 3212 1296 3292 mirandum,
1344 3213 1404 3278 si
1445 3213 1507 3278 is
1550 3232 1634 3299 eo
1696 3231 1825 3298 quo
1867 3209 2103 3277 Boeth.
2148 3208 2243 3278 fe·

147 3319 228 3386 cit
279 3324 486 3391 modo
542 3322 773 3411 paullo
833 3334 990 3391 ante
1046 3323 1295 3390 obitum
1352 3320 1439 3392 de
1497 3322 1621 3390 deo
1665 3333 1733 3388 et
1775 3320 1888 3390 de·
1913 3324 2115 3390 rebus
2157 3319 2247 3389 ad

144 3532 396 3600 quaedam
432 3532 625 3600 altior,
660 3548 796 3605 quae
827 3531 1077 3590 muudum
1106 3531 1259 3605 regit.
1323 3526 1415 3588 De
1451 3530 1605 3589 vocis
1641 3532 1831 3589 sancti
1860 3529 2245 3604 significatione

139 3625 219 3679 vd.
248 3645 305 3698 p.
344 3633 467 3686 127.
486 3668 506 3693 ,
542 3628 612 3683 de
648 3631 1002 3703 purqatoria
1045 3627 1352 3683 clementia
1370 3667 1388 3695 ,
1418 3644 1452 3682 e
1485 3642 1594 3697 qua
1638 3624 1815 3698 ignem
1859 3625 2245 3683 catholicorum

134 3722 499 3833 purgatofium
523 3721 616 3792 (ΣΞ)
651 3721 780 3777 feeit
812 3721 950 3776 van.
976 3721 1049 3777 ad
1076 3719 1173 3788 lv,
1201 3723 1253 3778 4.
1271 3708 1392 3788 [cf.
1427 3719 1569 3776 Plat.
1584 3719 1767 3792 ὤθεε.
1798 3737 1853 3792 p.
1886 3724 1992 3778 904
2022 3736 2141 3792 sqq.

264 3842 369 3912 32)
412 3838 494 3894 Cf.
532 3838 733 3911 Symm.
772 3856 857 3912 ep.
901 3838 972 3909 X,
1001 3844 1089 3898 71.
1142 3838 1317 3894 Amm.
1349 3836 1530 3894 Marc.
1565 3837 1715 3906 xlv,
1753 3844 1804 3897 9.
1841 3845 1921 3897 10.
1957 3843 2042 3896 11.
2092 3836 2245 3907 ΧΙΧ,

132 3935 209 3988 1ο.
255 3942 366 3989 etc.
439 3931 615 3987 Ditkt
655 3929 726 3987 de
770 3938 942 3989 Amm.
986 3930 1162 3989 Marc.
1206 3930 1507 4004 (Progym.
1556 3930 1776 3987 Rossel.
1822 3946 2001 4005 progr.
2050 3934 2243 4000 1841.)

131 4038 179 4092 p.
216 4030 249 4083 2
289 4043 440 4096 sqq„
474 4027 565 4097 qui
591 4024 733 4080 laud.
770 4023 958 4081 Troes.
994 4025 1220 4099 praefat.
1252 4026 1323 4082 ad
1356 4026 1575 4099 interpr.
1607 4025 1891 4097 germanio.
1914 4054 1976 4067 —-
2022 4024 2243 4080 Werns‘·

129 4114 279 4189 dot-f.
315 4117 482 4173 Poet.
514 4119 607 4174 lat.
642 4120 768 4174 mio.
801 4118 865 4174 Τ.
899 4117 994 4175 Vl.
1031 4138 1087 4194 p.
1119 4125 1242 4181 485.
1309 4119 1561 4192 Paganus
1591 4120 1752 4176 etiam
1784 4116 1969 4176 Har-t.
2001 4116 2246 4191 Capella

132 4206 297 4266 fuine
332 4210 572 4285 videtur.

256 4330 360 4399 33)
403 4328 495 4386 De
529 4330 668 4387 civit.
705 4327 792 4387 dei
825 4326 922 4400 ΧῙ,
953 4334 1004 4390 5.·
1043 4328 1114 4388 de
1142 4346 1275 4388 vcra
1303 4331 1452 4404 relig.
1484 4335 1535 4390 4.
1607 4328 1712 4386 vd.
1747 4330 1904 4387 etlam
1937 4326 2247 4387 Marbach'.

127 4417 314 4480 lli-tor.
357 4422 672 4497 philosoph.
711 4425 863 4482 Tom.
897 4424 965 4481 ll.
1000 4443 1058 4499 p.
1093 4430 1215 4485 180.

1673 4536 1714 4584 0
1737 4525 1773 4564 ἡ
