2867 5125
758 1138 1703 1226 ADNO'I'A'I'IONES

557 1360 700 1428 Al)
775 1359 1212 1431 LIBRUM
1288 1358 1929 1433 SECUNDUM.

366 1527 519 1606 Cap.
561 1523 610 1601 1,
651 1544 714 1601 p.
767 1524 865 1599 19,
918 1524 1014 1585 18.
1064 1524 1470 1606 discederes]
1529 1529 1624 1588 De
1681 1528 2077 1605 imperfecto,
2128 1527 2295 1605 quod

202 1630 430 1705 primus
487 1629 765 1700 restitui,
824 1628 907 1689 of.
965 1628 1158 1690 Hans.
1222 1629 1302 1688 ad
1357 1626 1591 1708 Reisig.
1655 1628 1989 1692 Grommat.
2032 1628 2103 1692 N.
2149 1629 2293 1690 479.

200 1731 456 1791 Disced.
502 1730 560 1787 h.
605 1727 648 1785 l.
694 1728 855 1786 idem
912 1728 1216 1806 significat
1275 1730 1440 1804 quod
1499 1733 1887 1808 relinquere,
1948 1734 2026 1792 ab
2084 1734 2296 1811 aliqua

196 1849 264 1888 re
306 1832 659 1905 abstinere,
720 1828 832 1888 sed
875 1830 1091 1888 deved.
1152 1829 1311 1888 idem
1358 1832 1523 1905 quod
1571 1832 1765 1908 abire,
1812 1833 1967 1890 bene
2014 1833 2199 1910 igitur
2239 1828 2293 1907 I,

198 1927 254 1988 4.
299 1949 360 2007 Ρ.
408 1930 470 2004 9,
521 1929 619 1988 18.
678 1932 844 1991 Rav.
891 1932 1024 1989 dee.
1087 1930 1190 1988 ubi
1241 1931 1447 1989 Sitzm.
1494 1935 1650 1992 dise.
1697 1933 1960 1992 coniecit
2004 1932 2117 2008 (cf.
2165 1934 2290 1993 Cic.

195 2034 376 2094 Tusc.
422 2028 512 2106 11,
560 2031 677 2102 25,
723 2027 859 2105 61.)
923 2033 986 2089 et
1037 2028 1157 2102 IV,
1203 2027 1262 2087 6.
1311 2047 1374 2105 p.
1422 2030 1645 2104 93‚·1.
1706 2034 1784 2090 ab
1846 2033 1977 2091 ord.
2040 2034 2293 2111 deceat,-

193 2137 408 2194 contra
450 2132 686 2193 dis-ced.
729 2128 1117 2188 retinendum
1163 2133 1258 2189 est
1310 2125 1400 2203 11,
1452 2131 1503 2192 1.
1550 2151 1611 2207 p.
1660 2129 1780 2204 20,
1831 2130 1927 2192 16.
1996 2128 2077 2205 11,
2124 2134 2182 2192 2.
2229 2153 2290 2210 Ρ.

195 2233 310 2308 22,
358 2234 464 2293 31.
544 2229 620 2306 11,
666 2230 726 2289 8.
773 2249 823 2289 s.
868 2230 912 2288 f.
962 2233 1077 2289 etc.
1125 2256 1210 2273 ·—-
1294 2249 1358 2306 p.
1423 2230 1521 2304 19,
1568 2231 1670 2290 23.
1714 2230 2018 2311 vernula]
2098 2235 2290 2295 Codd.

188 2336 550 2410 vernacula,
596 2334 763 2410 quod
805 2333 1023 2409 probo,
1076 2328 1174 2388 vd.
1219 2331 1401 2409 Mart.
1447 2328 1682 2407 Capell.
1728 2330 1829 2409 VI,
1875 2333 1957 2394 in.
2048 2337 2111 2395 V
2106 2357 2290 2396 erna-

188 2439 367 2496 culae
414 2435 777 2497 Bromiales
837 2441 1047 2493 tantos
1104 2430 1443 2491 cachinnos
1486 2436 1688 2493 tulere
1744 2438 1859 2495 eto.
1950 2435 2166 2496 Seuer..
2214 2436 2291 2496 de

185 2534 401 2598 Benef.
464 2537 579 2611 VI,
648 2538 743 2597 11.
805 2539 889 2597 in.
979 2537 1272 2611 Prosper.
1317 2533 1526 2610 Aquit.
1591 2534 1668 2596 de
1728 2532 2035 2597 Praedict.
2079 2532 2142 2611 l,
2195 2537 2291 2598 11.

185 2642 564 2700 vernaculus
609 2637 722 2719 (2⁸:-
763 2658 990 2699 servus
1047 2637 1112 2695 in
1157 2636 1337 2695 domo
1399 2655 1539 2696 mea
1597 2638 1809 2714 natus)
1868 2659 2045 2700 meus
2106 2642 2295 2703 heres

181 2743 334 2801 milti
367 2741 516 2818 fuit.
560 2771 650 2785 --·

354 2864 421 2921 Ρ.
486 2841 604 2916 20,
667 2840 737 2902 3.
805 2841 899 2901 Tu
950 2831 1146 2917 fora]
1200 2835 1365 2895 Male
1419 2855 1454 2895 e
1512 2854 1678 2896 rece.
1740 2837 1919 2900 codd.
1979 2843 2178 2919 intpp.
2235 2845 2296 2902 et·

185 2942 591 3017 addiderunt,
649 2940 749 3002 vd.
791 2937 928 3014 111,
973 2940 1033 2999 8.
1077 2956 1141 3014 p.
1189 2937 1307 3012 52,
1353 2937 1413 2997 5.
1457 2937 1578 3011 IV,
1626 2937 1685 2996 4.
1732 2956 1793 3014 Ρ.
1839 2940 1959 3015 84,
2008 2944 2104 3001 5.=
2155 2963 2293 3004 cor-

179 3045 475 3104 rexissem
538 3063 783 3120 quoque
825 3045 943 3117 lv,
991 3041 1049 3101 4.
1096 3056 1157 3114 Ρ.
1205 3037 1325 3111 81,
1376 3036 1473 3097 11.
1527 3038 1638 3096 sed
1681 3040 1930 3101 obstant
1972 3061 2032 3119 Ρ.
2079 3045 2183 3116 82,
2229 3046 2291 3110 3.

179 3146 343 3206 Nam
388 3149 454 3208 si
499 3150 617 3206 ete.
704 3145 799 3204 Cf.
861 3141 936 3204 do
996 3138 1302 3217 particula
1358 3142 1421 3198 si
1480 3139 1704 3198 omissa
1760 3141 1976 3201 Matth.
2037 3146 2118 3203 ad
2161 3145 2290 3206 Cic.

176 3263 273 3322 pr,
333 3248 504 3307 Sext.
566 3245 685 3319 42,
750 3243 852 3304 92.
938 3242 1132 3303 Kritz.
1195 3242 1275 3301 ad
1335 3240 1463 3301 Sal.
1515 3237 1652 3317 Ing.
1702 3237 1804 3313 64,
1852 3241 1909 3302 5.
1977 3245 2290 3307 Heinrich.

174 3348 256 3407 ad
297 3350 436 3408 Iuv.
482 3349 648 3421 VIII,
696 3343 798 3404 24.
842 3375 930 3388 —-
1014 3364 1077 3422 p.
1126 3343 1228 3419 20,
1280 3342 1376 3404 10.
1419 3338 1770 3420 perfidam]
1827 3342 2086 3421 Saepius
2128 3346 2291 3407 Boo-

169 3450 343 3510 thius
407 3448 707 3510 adiectiva
766 3443 847 3504 ad
888 3446 1304 3517 substantiva,
1360 3463 1521 3519 quae
1564 3443 1750 3523 longe
1796 3450 2289 3522 praecesserunt,

170 3552 413 3623 refert,
471 3549 573 3608 vd.
628 3543 745 3621 ΠΙ,
808 3545 868 3607 9.
929 3564 991 3622 Ρ.
1052 3544 1171 3620 56,
1234 3544 1336 3606 21.
1398 3548 1516 3605 etc.
1617 3546 1994 3607 Perniciosa
2055 3550 2289 3609 ludent.

174 3655 365 3714 etiam
416 3651 647 3724 Ωιι-8111,
692 3653 763 3709 ut
804 3646 1065 3722 videtur,
1112 3663 1146 3708 e
1191 3645 1329 3707 cod.
1390 3644 1663 3724 sangall.
1724 3645 1949 3721 edidit,
2012 3646 2108 3708 vd.
2151 3647 2290 3713 Not.

170 3754 252 3814 ad
313 3749 382 3827 1,
447 3750 508 3812 4.
568 3772 632 3829 Ρ.
694 3751 770 3830 9,
836 3749 931 3809 18.
978 3779 1062 3793 --
1147 3765 1210 3827 p.
1258 3747 1375 3823 20,
1442 3745 1539 3807 17.
1599 3767 1684 3806 ea·
1741 3745 1919 3826 ατὰ]
1986 3749 2152 3808 Illud
2207 3771 2292 3812 ex

169 3856 377 3933 intpp.
446 3856 589 3932 quia
645 3853 905 3913 latinum
961 3869 1086 3909 non
1146 3870 1282 3910 esse
1341 3848 1732 3923 iudicabant,
1793 3850 2162 3910 omiseruntz
2209 3853 2297 3913 ad

168 3961 309 4019 arb.
378 3953 493 4036 (z
536 3956 698 4016 nach
761 3949 1100 4030 willkeihr)
1163 3953 1415 4013 Latinos
1483 3951 1727 4026 quidem
1795 3951 2013 4013 dixisse
2080 3958 2291 4035 negari

167 4077 298 4118 non
346 4059 583 4135 potest,
626 4056 723 4115 vd.
769 4052 1097 4113 Forcellin.
1144 4072 1193 4114 s.
1238 4071 1295 4112 v.
1341 4055 1515 4127 arb„
1577 4049 1686 4112 sed
1747 4054 2052 4115 invenitur
2111 4059 2293 4119 etiam

166 4180 252 4222 ex
317 4163 580 4222 libidine
641 4157 721 4217 cf.
772 4156 919 4216 Sall.
967 4154 1098 4215 Cat.
1158 4153 1339 4227 VIII,
1385 4154 1446 4213 2.
1510 4150 1648 4231 lug.
1693 4153 1823 4226 XL,
1872 4155 1931 4215 5.
1992 4157 2185 4228 XLII,
2232 4157 2290 4215 4.

168 4260 389 4320 Hand.
442 4262 622 4319 Turs.
667 4255 739 4319 11.
786 4278 849 4334 Ρ.
892 4255 1010 4316 651
1054 4274 1188 4332 sqq.
1234 4259 1298 4315 et
1341 4255 1501 4314 infra
1547 4258 1615 4327 V,
1663 4255 1723 4313 4.
1769 4276 1829 4332 Ρ.
1885 4257 2019 4332 105,
2069 4259 2168 4319 23.
2206 4286 2290 4305 -υ

167 4377 234 4436 Ρ.
285 4359 399 4434 20,
450 4358 550 4419 27.
613 4369 683 4422 tu
737 4361 853 4420 tibi
908 4353 1112 4436 dom-J
1176 4357 1471 4420 Similiter
1522 4358 1903 4419 restituimus
1959 4357 2062 4434 11,
2122 4362 2181 4422 5.
2230 4382 2294 4440 p,

1700 4450 1792 4517 9*
