2867 5125
579 400 736 451 xm:
1289 383 1990 452 Pnonaeou.

583 564 652 623 et
677 554 963 643 physica
990 555 1326 641 describit,
1353 555 1718 640 intercedit,
1746 556 2047 645 quamvis
2074 553 2189 621 ille
2216 557 2453 644 magis,
2483 560 2669 644 quam

581 667 763 753 apud
807 665 1176 748 Platonem,
1220 667 1629 755 compositus
1670 689 1824 736 esse
1865 667 2169 737 videatur
2184 669 2304 757 ⁹⁸).

721 905 815 975 95)
838 901 1113 976 Heyntus,
1149 903 1231 958 cui
1268 904 1441 959 omnis
1475 905 1775 960 consolatio
1810 903 2079 978 proficisci
2098 905 2339 960 videtur:
2376 902 2464 972 ,ab
2499 896 2676 972 impul·

583 1014 648 1052 su
686 1013 897 1065 sensus,
928 997 1109 1069 specie
1142 996 1386 1053 alicunde
1420 999 1583 1053 menti
1615 990 1861 1068 obiecta,
1895 1016 2003 1071 qua
2045 996 2337 1055 aestuantis
2386 997 2541 1053 animi
2587 996 2676 1048 im·

582 1100 712 1162 petu
762 1090 970 1160 fracto,
1018 1090 1341 1146 subsistente
1388 1100 1630 1158 tumore,
1679 1093 1885 1148 mollito
1937 1101 1991 1148 et
2038 1093 2203 1148 lenito
2255 1092 2445 1147 mentis
2492 1087 2675 1143 affectu

581 1183 917 1255 persuasioni
963 1182 1166 1238 meliori
1201 1185 1291 1239 via
1340 1193 1394 1240 et
1441 1185 1712 1257 ingressus
1761 1192 1997 1256 paretur‘
2013 1226 2030 1254 ‚
2079 1185 2232 1240 huius
2284 1181 2505 1239 Boethii
2556 1197 2675 1236 con·

581 1275 884 1330 solutionis
939 1286 1180 1349 operam
1226 1278 1399 1332 valde
1449 1284 1758 1353 anqustam
1809 1295 1931 1333 esse
1985 1279 2090 1347 ait,
2147 1280 2361 1350 quippe
2402 1274 2676 1329 inclusam

581 1385 696 1423 uno
731 1375 960 1424 tantum
995 1370 1288 1425 malorum
1326 1387 1538 1444 yenere
1572 1374 1801 1442 eiusque
1831 1368 2062 1425 medela
2109 1388 2185 1426 eoe
2218 1365 2678 1425 conclusiunmclts

570 1460 994 1535 philosophicis
1030 1466 1248 1536 petita,
1297 1482 1447 1536 quae
1493 1471 1553 1520 et
1599 1466 1766 1538 ipsae
1811 1463 2023 1519 habere
2067 1466 2266 1535 utique
2290 1466 2534 1535 possunt
2565 1460 2678 1512 vim

580 1572 751 1611 mam
800 1560 863 1611 in
912 1560 1126 1613 animis
1175 1559 1258 1614 ad
1303 1558 1684 1614 subtilitatem
1729 1558 2027 1634 coyitandi
2075 1557 2474 1628 adsuefacti&
2521 1558 2676 1628 tanto

585 1656 782 1704 tamen
829 1653 1114 1706 minorem
1160 1656 1278 1708 vim
1326 1652 1577 1717 habent,
1624 1670 1736 1724 quo
1785 1654 1974 1725 mayis
2030 1669 2136 1706 eae
2191 1655 2404 1705 vacant
2463 1646 2536 1702 ab
2587 1647 2676 1710 iis,

582 1761 731 1816 quae
764 1747 1023 1800 animum
1056 1745 1373 1802 humanum
1405 1742 1724 1818 impellere,
1766 1743 2027 1820 officere,
2058 1762 2284 1800 movere
2317 1747 2578 1817 possunt·
2615 1762 2675 1805 -·,

1311 2076 1745 2185 Garum
1843 2104 1962 2179 ΙΙΙ.

688 2270 809 2343 DE
853 2270 1233 2340 ΒΟΕΤΗΠ
1278 2271 1755 2341 CODICIBUS
1799 2273 1924 2341 ΕΤ
1970 2260 2580 2340 EDITIONIBUS.

750 2435 848 2494 De
889 2433 1134 2494 Boethii
1180 2430 1361 2494 codd.
1410 2437 1473 2493 et
1518 2434 1656 2493 edd.
1704 2430 1785 2494 cf.
1829 2436 2118 2497 Fabricii
2155 2431 2302 2493 bibl.
2345 2431 2456 2491 lat.
2509 2432 2674 2491 Tom.

580 2546 695 2609 111.
725 2566 805 2624 p.
844 2524 1096 2605 209.-—-
1153 2546 1370 2623 Polym
1412 2546 1689 2625 Leyseri
1739 2545 1958 2606 histor.
2018 2547 2211 2624 poett.
2278 2546 2343 2604 et
2382 2542 2672 2621 poematt.

580 2657 740 2718 med.
788 2656 918 2716 aevi
982 2651 1157 2736 (Hal.
1212 2654 1408 2735 1727)
1473 2677 1538 2735 p.
1582 2656 1723 2719 105.
1765 2688 1853 2700 -
1913 2658 1993 2719 F.
2042 2658 2108 2719 G.
2147 2658 2447 2733 Freytay.
2498 2654 2675 2715 Trost

581 2768 694 2828 der
734 2767 1134 2844 Philosophie
1179 2783 1235 2826 a.
1285 2765 1342 2828 d.
1389 2768 1528 2831 Lat.
1573 2765 1945 2829 des'Boeth.
1990 2768 2188 2847 (Riga
2220 2764 2442 2843 1794.)
2490 2786 2553 2844 p.
2580 2763 2676 2824 23.

578 2911 667 2922 --
709 2879 1093 2957 Schweiqer.
1155 2877 1507 2938 Handbuch
1567 2879 1677 2939 der
1737 2880 1918 2939 class.
1978 2877 2442 2957 Bibliographie
2507 2879 2578 2938 Τ.
2623 2873 2672 2934 Ι.

576 3007 639 3067 p.
682 2988 786 3049 29.
832 2982 969 3069 [ubi
1013 2988 1152 3049 edd.
1195 2992 1540 3067 permultae
1585 2987 1859 3070 desuntJ.
1893 3022 1977 3035 —
2043 2989 2236 3048 Codd.
2284 2991 2348 3047 et
2390 2988 2532 3049 edd.
2582 3006 2678 3047 rea·

578 3119 830 3162 censum
875 3101 936 3159 in
985 3101 1129 3162 edit.
1171 3099 1663 3181 Londin.‘ap.
1714 3103 1786 3164 A.
1827 3097 1882 3163 I.
1925 3099 2141 3177 Valpy.
2190 3098 2374 3160 1823.

745 3281 1015 3350 Paranti
1059 3302 1300 3350 novam
1346 3279 1523 3351 hanc
1568 3284 1917 3351 editionem
1958 3282 2238 3370 primum
2279 3279 2494 3368 ipsius
2532 3278 2677 3348 libri

572 3391 955 3475 historiam,
1021 3395 1242 3481 quoad
1282 3395 1466 3480 potui
1511 3394 1862 3481 explorare
1908 3415 1992 3461 ac
2037 3394 2297 3473 deinde,
2341 3415 2492 3459 cum
2537 3414 2679 3479 per-

568 3503 753 3570 multi
786 3505 927 3570 eius
959 3504 1150 3572 codd.
1194 3507 1262 3572 in
1288 3506 1705 3574 bibliothecis
1741 3505 2166 3586 Germaniae,
2207 3503 2494 3585 Galliae,
2520 3502 2671 3571 Hel·

564 3617 783 3681 vetiae
823 3615 1179 3704 Italiaeque
1225 3618 1658 3703 reperiantur,
1718 3618 1782 3683 iu
1828 3636 2068 3685 eorum
2109 3615 2397 3683 familias
2465 3616 2671 3703 inqui·

563 3748 712 3794 rere
752 3726 911 3793 mihi
956 3729 1170 3794 visum
1216 3740 1337 3794 est.
1377 3763 1468 3778 -·-—
1543 3729 1696 3796 Non
1742 3729 1835 3795 ita
1880 3728 2082 3795 multo
2127 3737 2283 3813 post
2327 3726 2674 3793 Boethium

563 3862 604 3905 e
662 3838 851 3906 libris
905 3839 989 3905 de
1048 3820 1509 3906 consolatione
1563 3837 2038 3926 Philosophiae
2112 3839 2339 3905 Vacca
2367 3841 2429 3922 1)
2477 3837 2673 3905 scho·

557 3949 790 4019 liastes
831 3950 1087 4018 Lucani
1127 3949 1321 4017 locos
1363 3948 1616 4029 attulit3
1677 3970 1813 4016 sec.
1856 3950 2026 4017 VIII.
2082 3951 2379 4016 eiusdem
2428 3946 2666 4034 scripti

563 4063 859 4130 codicem
904 4065 991 4129 ab
1040 4061 1457 4143 Hartmutho,
1501 4063 1880 4128 monasterii
1921 4061 2387 4146 Sangallensis
2428 4061 2670 4127 abb'ate

559 4173 804 4258 (772),
872 4172 1071 4240 huius
1116 4174 1421 4241 coenobii
1464 4171 1905 4242 bibliothecae
1947 4174 2261 4241 donatum
2303 4193 2459 4239 esse
2508 4172 2670 4237 Rat-

694 4383 750 4453 1)
785 4385 890 4441 Vd.
931 4384 1148 4442 Weber.
1182 4385 1253 4441 ad
1272 4383 1476 4442 Lucan.
1511 4384 1573 4441 Τ.
1587 4383 1678 4440 111.
1708 4402 1763 4457 p.
1783 4385 1849 4442 V.
1901 4384 2096 4452 Varias
2127 4386 2249 4441 lect.
2280 4384 2664 4441 adnotavimus.
