2867 5125
940 476 1072 515 An
1170 475 1468 522 ιιΒΒ.
1535 458 1754 537 ¹1V.·
2184 453 2304 521 151

222 632 293 701 V,
328 628 385 687 0.
445 648 508 705 Ρ.
546 627 689 702 115,
733 627 834 689 23.
890 630 994 705 lv,
1041 629 1101 689 4.
1156 650 1218 707 Ρ.
1249 629 1354 705 81,
1395 632 1529 707 19.,
1574 635 1768 693 restit.
1814 653 1849 692 o
1893 632 2069 693 codd.
2112 632 2192 689 ib.
2239 649 2298 705 p.

218 731 327 803 82,
381 730 479 790 11.
527 734 589 791 et
631 733 701 806 V,
749 732 807 806 4,
849 752 911 810 Ρ.
950 730 1089 809 107,
1141 734 1220 807 3,,
1264 735 1434 795 Cane.
1468 736 1552 810 Π,
1589 732 1691 795 40.
1776 736 1954 794 Mart.
1999 735 2149 809 Cap.
2183 735 2298 805 111,

221 834 420 909 2280,
458 833 577 903 sed
617 839 1021 897 existimare.-
1062 841 1271 911 pretio
1310 840 1643 898 constituto
1684 839 1985 908 indicare,
2028 844 2155 897 tum
2190 839 2300 895 de-

217 937 589 1001 liberatione
625 936 805 1013 facta
838 939 1231 1012 concludere,
1277 958 1468 1016 quare
1512 941 1667 1001 bene
1709 940 1819 1012 IV,
1864 937 1921 998 6.
1964 958 2026 1015 p.
2046 937 2146 999 90.
2196 937 2293 998 12.

216 1048 288 1105 ut
328 1042 598 1107 existim.
647 1038 771 1119 (τε
810 1045 931 1101 wie
989 1061 1062 1100 es
1118 1041 1254 1101 ihre
1312 1042 1747 1119 iiberzoufflmy
1803 1036 1930 1117 ist)
1989 1060 2050 1116 p.
2090 1039 2194 1113 92,
2238 1039 2296 1100 4.

219 1144 290 1215 V,
326 1142 382 1203 2.
429 1162 490 1219 p.
526 1142 630 1217 99,
684 1141 781 1203 10.
813 1146 876 1203 et
916 1143 1000 1217 Π,
1046 1142 1104 1201 5.
1162 1162 1224 1222 Ρ.
1259 1141 1362 1216 31,
1400 1140 1501 1202 30.
1546 1146 1731 1205 exiet.
1816 1142 2017 1205 Huius
2062 1143 2297 1218 opinio-

218 1249 314 1306 nis
359 1247 730 1307 contrarium
772 1246 976 1304 Bremi
1023 1245 1103 1305 ad
1143 1248 1316 1308 Suet.
1361 1248 1498 1307 Oet.
1546 1246 1646 1309 57.
1731 1247 1932 1307 Moeb.
1994 1245 2072 1307 ad
2119 1245 2294 1305 Caes.

216 1352 276 1410 h.
321 1370 380 1428 g.
423 1350 507 1423 Π,
556 1346 654 1413 18,
699 1349 772 1421 V,
821 1347 917 1406 13.
963 1350 1095 1423 VII,
1131 1348 1229 1423 14,
1276 1348 1377 1409 39.
1424 1350 1790 1413 statuerunt.
1811 1347 2005 1407 Kritz.
2050 1354 2297 1409 senten-

215 1454 303 1511 tia
361 1452 491 1527 (vd.
540 1450 688 1515 Sall.
736 1450 867 1511 eat.
900 1451 1063 1523 VIII,
1101 1451 1193 1527 2.)
1255 1455 1442 1519 exist.
1502 1454 1849 1526 ubieunque
1909 1452 2296 1511 scribendum

216 1574 388 1627 esse,
448 1554 555 1613 ubi
614 1569 818 1611 accus-
879 1571 932 1610 o.
979 1553 1251 1614 infinitiv.
1308 1557 1561 1614 verbum
1607 1554 1898 1631 excipiat,
1958 1551 2033 1611 de
2075 1553 2297 1616 Boeth.
2365 1560 2372 1566 ’

214 1657 462 1735 quidem
504 1674 628 1713 non
671 1654 868 1730 valet3
929 1655 1024 1713 vd.
1070 1659 1172 1731 VI,
1222 1657 1280 1717 6.
1348 1677 1411 1745 p.
1451 1654 1554 1730 50,
1605 1656 1740 1728 14.,
1797 1657 1901 1715 ubi
1946 1675 2023 1716 ne
2067 1658 2126 1714 in
2172 1676 2295 1715 uno

212 1761 462 1837 quidem
521 1757 657 1823 cod.
703 1760 881 1816 extat.
968 1757 1253 1818 Ceterum
1310 1762 1409 1819 vd.
1466 1760 1687 1827 Krafft.
1748 1758 1826 1818 ad
1879 1759 2042 1819 Mur.
2097 1761 2295 1820 Oratt.

212 1884 276 1940 Ρ.
329 1861 487 1934 282,
531 1858 635 1919 39.
666 1891 749 1903 —-
821 1877 884 1935 p.
921 1857 1037 1933 79,
1082 1861 1183 1927 32.
1251 1860 1527 1944 inquies]
1590 1864 1949 1923 Attulerunt
2001 1863 2187 1922 Bern.
2234 1869 2298 1923 et

210 1966 459 2027 Sitzm.=
526 1962 689 2021 Plin.
745 1961 806 2019 h.
853 1980 912 2019 n.
955 1962 1006 2025 Ι.
1051 1967 1248 2042 praes.
1294 1966 1418 2027 Sal.
1462 1967 1703 2045 Fragm.
1734 1967 1785 2039 Ι,
1822 1965 1877 2025 1.
1930 1961 2045 2044 [ef.
2097 1967 2293 2029 Prisc.

210 2088 274 2147 p.
316 2067 351 2125 7
357 2060 493 2146 04.]
535 2067 892 2127 Humanum
943 2086 1147 2142 genus
1201 2070 1446 2146 inquies
1499 2075 1685 2145 atque
1740 2070 2097 2129 indomitum
2145 2071 2293 2129 Tac.

207 2169 433 2235 Annal.
480 2167 533 2243 I,
578 2165 703 2242 68„
775 2170 996 2244 quibus
1061 2166 1218 2230 adde
1260 2169 1413 2228 vell.
1457 2171 1701 2229 Patere.
1747 2171 1830 2242 11,
1891 2168 1996 2243 68,
2061 2170 2120 2230 3.
2181 2173 2296 2231 Vir

208 2275 473 2350 inquies,
515 2271 699 2348 Apul.
742 2273 890 2332 Met.
921 2273 1005 2346 Π,
1048 2291 1112 2348 Ρ.
1153 2271 1293 2344 121,
1337 2272 1440 2335 39.
1527 2272 1699 2331 Infra
1762 2276 2043 2334 occultus
2083 2274 2294 2354 legen-

208 2376 356 2434 dum
400 2393 534 2433 esse
581 2375 758 2442 codd..
803 2374 1061 2446 docent,
1123 2392 1324 2448 neque
1380 2375 1558 2439 video
1606 2395 1719 2435 our
1758 2376 1911 2436 haec
1953 2377 2135 2436 lectio
2182 2380 2295 2439 im-

207 2475 562 2553 pnobanda,
625 2495 825 2553 noque
888 2495 1000 2536 cur-
1054 2495 1117 2553 p.
1165 2475 1268 2550 80,
1314 2477 1373 2536 5.
1441 2481 1662 2545 avibus
1703 2479 1918 2556 differt
1972 2483 2049 2542 ab
2094 2485 2289 2560 intpp.

206 2580 476 2642 nondum
520 2583 837 2659 receptum
881 2582 980 2653 sit,
1026 2599 1165 2639 eum
1208 2578 1344 2656 diff.
1395 2599 1535 2640 cum
1587 2584 1785 2641 dativo
1830 2586 1993 2660 apud
2031 2589 2292 2663 optimos

206 2704 433 2746 aureae
482 2684 698 2742 aetatis
740 2684 957 2759 poetas
1003 2686 1064 2742 et
1119 2685 1380 2743 seriores
1427 2685 1761 2760 scriptores
1804 2686 1970 2745 haud
2011 2693 2153 2748 rar'o
2200 2688 2293 2747 le-

205 2790 414 2868 gatur,
455 2787 534 2848 cf.
581 2786 733 2854 Hor.
779 2787 908 2844 Sat.
942 2785 994 2859 Ι,
1041 2784 1100 2858 4,
1146 2784 1246 2846 48.
1305 2787 1380 2845 Α.
1424 2787 1499 2846 P.
1539 2785 1683 2848 236.
1769 2787 1931 2850 Plin.
1977 2790 2037 2846 h.
2082 2793 2142 2852 1'1.
2179 2790 2289 2864 IX,

205 2893 313 2954 35.
359 2892 643 2953 Conchae
678 2888 932 2949 conchis
974 2888 1295 2966 differunt.
1382 2889 1661 2952 Lactant.
1707 2889 1848 2946 inst.
1876 2890 1931 2961 I,
1964 2889 2024 2963 8,
2057 2891 2115 2951 3.
2159 2901 2290 2952 tum

204 2998 462 3057 multum
505 2993 923 3061 animantibus
967 2993 1197 3049 ceteris
1240 2989 1607 3066 differentes
1667 2989 1800 3063 (ubi
1852 3009 1974 3049 non
2018 2995 2289 3054 imitatus

206 3103 306 3159 est
348 3097 474 3155 cic.
526 3092 629 3172 [de
670 3095 803 3153 Pin.
835 3095 906 3166 V,
960 3090 1059 3150 15.
1107 3089 1233 3168 41],
1293 3093 1397 3167 qui
1453 3094 1570 3150 hae
1631 3094 2085 3153 constructione
2129 3115 2287 3153 nun-

204 3221 389 3279 quam
430 3216 581 3259 usus
627 3201 740 3271 est,
790 3196 885 3254 vd.
928 3195 1007 3253 ib.
1049 3188 1368 3271 Madvig),
1407 3189 1491 3267 Π,
1537 3193 1597 3267 5,
1642 3193 1743 3252 25.
1840 3189 1847 3203 ”

375 3300 574 3360 Germ.
604 3294 706 3372 111,
754 3297 852 3361 13.
896 3290 1123 3372 nuper]
1167 3294 1385 3370 Inepte
1445 3315 1657 3371 snper,
1719 3295 1885 3371 quod
1938 3300 2174 3357 tantum
2223 3302 2282 3357 in

199 3385 423 3467 colon.
471 3403 567 3465 od.
607 3399 788 3460 1589.
834 3419 969 3459 esse
1011 3397 1165 3471 vidi,
1208 3414 1420 3458 omnes
1466 3398 1730 3458 editores
1775 3402 2037 3459 servant.
2127 3401 2284 3459 Sen-

198 3510 395 3571 tentia
439 3506 584 3581 ,illi‚
649 3504 751 3579 qui
814 3506 955 3560 ante
1014 3502 1262 3578 aliquod
1320 3506 1563 3582 tempus
1621 3504 1683 3560 in
1739 3501 1954 3560 leones
2018 3504 2081 3560 et
2152 3502 2280 3578 lupi

144 3649 149 3652 -
200 3611 418 3670 mutati
463 3609 626 3679 sunt,
671 3623 810 3663 cum
849 3604 998 3664 flere
1040 3607 1274 3679 volunt,
1316 3607 1598 3666 ιιΙιιΙειιιὲ.ι
1683 3605 1861 3664 Plan.
1894 3622 2092 3679 neque
2131 3606 2282 3664 illud

198 3730 402 3787 neque
443 3711 562 3769 hoe
603 3709 853 3772 verbum
894 3707 959 3765 in
1000 3709 1505 3783 interpretatione
1551 3709 1882 3785 expressit:
1941 3704 2007 3771 ὃς
2051 3708 2153 3777 μὲν
2200 3707 2280 3763 ἕν-

197 3834 414 3886 τροφος
461 3805 546 3867 ὃν
594 3809 801 3880 λύκοις,
858 3811 1091 3865 κλαῦσαι
1126 3804 1369 3880 &oiston
1427 3811 1633 3869 θέλων.
1665 3844 1728 3856 -—-
1804 3830 1859 3872 V.
1905 3807 2008 3867 39.
2070 3812 2280 3868 ulcere

197 3930 415 3991 margo
456 3909 551 3970 ed.
604 3908 734 3969 Col.
770 3906 991 3982 1589„
1039 3927 1162 3967 non
1208 3911 1489 3986 improbo
1535 3913 1700 3986 quod
1743 3914 1977 3989 primus
2022 3914 2279 3988 quisque

195 4017 381 4078 huius
429 4012 713 4081 carminis
756 4030 868 4089 pes
915 4009 1225 4087 spondeus
1270 4015 1399 4086 est,
1468 4032 1649 4090 quam
1690 4015 1890 4096 legem
1931 4016 2108 4078 Plan.
2154 4035 2276 4074 non

193 4110 479 4197 neglexit.
1153 4121 1156 4125 ’

368 4221 519 4297 Cap.
551 4220 653 4278 IV.
696 4237 757 4293 p.
791 4215 907 4293 82,
958 4214 1055 4277 10.
1102 4210 1212 4297 ea]
1272 4217 1564 4276 Similiter
1603 4212 1694 4291 11,
1737 4217 1798 4279 5.
1858 4241 1918 4299 p.
1952 4220 2055 4293 29,
2100 4221 2160 4283 8.
2196 4254 2277 4265 ——-

194 4347 259 4405 Ρ.
292 4324 394 4399 83,
441 4323 501 4383 6.
548 4325 810 4386 alteriue
849 4322 1056 4397 inepte
1096 4318 1299 4392 oodd.,
1340 4320 1436 4378 vd.
1481 4322 1585 4394 IV,
1634 4321 1692 4381 2.
1736 4342 1797 4399 Ρ.
1834 4323 1937 4397 76,
1973 4324 2027 4384 1.
2061 4357 2142 4368 --
2198 4327 2275 4385 ib.

199 4425 301 4492 14.
348 4426 502 4486 Tum
536 4463 550 4482 .
574 4465 588 4481 .
612 4467 628 4484 .
666 4417 919 4502 relinq.]
954 4424 1157 4528 fHanc
1212 4424 1357 4484 lect.
1400 4427 1564 4506 vulg.
1626 4448 1697 4487 ex
1757 4430 1815 4489 A
1839 4436 1954 4487 etc.
2014 4430 2277 4488 retinere
