2867 5125
559 427 684 493 154
1084 429 2118 505 Annua-..monas

556 603 688 665 tia?
726 634 805 645 —
861 602 936 665 In
995 607 1161 669 verb.
1223 623 1354 683 sqq.
1402 605 1617 667 duram
1678 623 1811 666 esse
1864 610 2032 669 verbi
2096 615 2195 670 rei
2251 615 2630 673 omissionem

555 709 672 771 iam
717 706 920 767 Pulm.
967 706 1326 782 observavit,
1379 709 1476 767 vd.
1523 710 1663 775 Ver.
1709 709 1890 784 lect.‚
1936 731 2136 773 nonne
2180 696 2394 779 melius
2440 720 2630 777 oratio

553 811 882 891 procedet,
910 848 913 853 -
940 813 990 870 si
1053 810 1570 875 emendaverimus
1625 813 1725 869 mi.
1785 815 1966 873 cuius
2027 814 2128 873 ei?
2170 846 2255 873 -v-
2312 838 2375 895 p.
2414 819 2529 893 93,
2572 821 2629 887 4.

554 916 615 977 δέ
650 908 748 995 με]
777 913 952 970 Haec
982 913 1185 987 verba,
1232 911 1397 987 quod
1440 913 1502 970 in
1533 913 1645 974 AC
1680 916 1743 972 et
1784 916 1846 971 in
1891 917 2167 976 omnibus
2197 920 2451 981 Homeri
2497 922 2627 990 cdd.

550 1017 743 1076 divisa
783 1016 1107 1095 leguntur,
1153 1012 1411 1073 distinxi.
1447 1044 1537 1056 --
1592 1032 1654 1091 Ρ.
1701 1011 1808 1090 93,
1851 1016 1910 1078 5.
1956 1020 2203 1080 divinae
2245 1017 2378 1102 ομ]
2439 1023 2628 1083 Codd.

553 1125 617 1182 et
659 1121 796 1180 edd.
841 1123 985 1180 vett.
1031 1118 1299 1177 omnium
1340 1117 1667 1176 lectionem
1709 1119 1953 1194 reduxi,
2007 1141 2207 1198 neque
2248 1123 2370 1183 loci
2415 1144 2630 1185 sensus

550 1227 789 1286 obstatz
849 1221 1052 1298 ,Nefas
1098 1222 1229 1293 est,
1290 1221 1342 1277 si
1385 1219 1568 1278 homo
1628 1240 1839 1282 omnes
1884 1242 2035 1299 quas
2083 1226 2234 1285 deus
2283 1226 2361 1285 ad
2393 1227 2629 1302 -aliquid

552 1326 938 1388 efficiendum
985 1322 1232 1385 adhibet
1286 1322 1598 1382 machinas
1663 1329 2024 1405 cognoscit.⁴
2109 1329 2394 1391 Ceterum
2439 1351 2632 1406 opera

550 1429 627 1489 de
672 1428 786 1487 diis
831 1448 868 1488 a
909 1430 1055 1487 vett.
1101 1444 1222 1485 non
1266 1429 1629 1502 usurpatum
1676 1431 1801 1503 est,
1858 1429 1956 1495 vd.
2000 1430 2389 1491 Doederlein.
2436 1433 2630 1507 Syno-

550 1550 710 1606 nym.
742 1532 792 1591 I.
835 1551 897 1608 p.
939 1529 1079 1591 112.
1124 1560 1209 1573 ·--·

718 1633 915 1693 Germ.
937 1634 1038 1706 vl,
1077 1630 1173 1691 16.
1207 1631 1467 1691 Recidit
1495 1650 1741 1706 cursus,
1776 1631 1875 1696 25.
1918 1637 2154 1699 Iisdem
2186 1636 2399 1695 Colon.
2424 1634 2626 1711 1589„

547 1733 650 1795 46.
701 1743 933 1812 queunt
977 1737 1159 1811 etiaffn
1198 1736 1279 1798 L.
1320 1762 1406 1777 —-

715 1836 865 1912 Cap.
895 1836 1027 1898 VH.
1073 1859 1134 1916 p.
1157 1837 1258 1912 95,
1293 1838 1352 1898 5.
1397 1838 1595 1898 omnis
1638 1839 1798 1896 bona
1841 1838 1937 1897 vd.
1982 1837 2314 1916 p.137.·—
2357 1842 2541 1921 Ρ.96,
2575 1845 2623 1904 1.

546 1936 814 2021 omnem]
860 1940 1037 2018 Quod
1083 1940 1335 2001 verbum
1394 1941 1458 2000 in
1511 1941 2029 2001 enuntiationibus
2086 1942 2380 2003 similibus
2443 1966 2627 2023 saepe

543 2049 872 2124 tepetitum
916 2043 1237 2114 invenitur,
1281 2039 1379 2099 vd.
1421 2042 1528 2116 lv,
1574 2042 1631 2103 3.
1675 2063 1739 2120 p.
1785 2040 1887 2116 79,
1934 2040 2035 2101 20.
2073 2045 2210 2116 ete„
2251 2047 2514 2115 fortasse
2561 2068 2629 2109 ex

540 2153 604 2210 A
639 2147 1058 2225 reponendum
1105 2147 1237 2204 est:
1297 2145 1376 2204 ib.
1421 2165 1484 2222 p.
1522 2145 1622 2220 78,
1674 2147 1834 2207 5.-
1898 2148 1978 2204 ib.
2022 2143 2120 2209 14.
2164 2145 2404 2232 autem]
2450 2151 2628 2209 Desi-

544 2252 795 2311 deratur
836 2246 1137 2326 particula
1180 2245 1560 2322 disiunctiva,
1606 2268 1805 2324 neque
1852 2249 2044 2307 omitti
2092 2252 2297 2324 potest
2344 2251 2627 2310 adversa-

542 2358 698 2427 tiva,
743 2353 890 2430 quid
932 2348 1166 2430 igitur?
1223 2347 1443 2407 Boeth.
1505 2351 1784 2425 scripsit}
1851 2352 2177 2429 Quidquid
2235 2361 2443 2412 autem
2487 2362 2629 2412 aut

541 2458 743 2535 infra,
800 2456 899 2515 vd.
943 2453 1069 2514 cic.
1131 2451 1206 2510 de
1247 2451 1363 2510 Off.
1403 2447 1457 2524 Ι,
1502 2449 1565 2525 3,
1603 2450 1661 2511 9,.
1735 2454 1887 2514 Tum
1948 2463 2156 2515 autem
2213 2463 2325 2514 aut
2382 2459 2623 2533 anquir.

540 2570 671 2635 aut,
713 2562 777 2619 in
819 2560 991 2619 Verr.
1024 2556 1107 2630 H,
1154 2553 1213 2629 3,
1260 2556 1317 2628 ἓ.
1358 2552 1496 2618 103.
1545 2554 1602 2620 5,.
1652 2556 1709 2629 §-
1737 2555 1839 2616 83.
1883 2557 2091 2619 Peter.
2140 2557 2219 2617 ad
2246 2557 2424 2616 Brut.
2448 2557 2531 2631 11,
2565 2554 2624 2616 6.

537 2663 743 2724 Hand.
789 2662 968 2720 Tuss.
999 2661 1049 2718 I.
1093 2678 1155 2735 p.
1194 2656 1337 2728 576.
1383 2657 1529 2721 588.
1557 2689 1643 2702 —

709 2764 908 2823 Carm.
938 2761 1074 2833 VII,
1115 2757 1213 2818 18.
1244 2759 1340 2817 vd.
1376 2777 1436 2834 p.
1464 2756 1606 2817 140.
1627 2791 1708 2801 -
1749 2761 1849 2822 23.
1882 2767 2141 2839 τωρωι]
2186 2762 2318 2820 Iam
2336 2761 2623 2830 Bernart.

535 2870 656 2932 hoe
697 2865 970 2936 verbum,
1017 2863 1287 2938 quamvis
1322 2863 1508 2937 *pauci
1540 2865 1776 2921 tantum
1807 2865 1984 2923 codd.
2020 2866 2355 2940 exhibeant,
2400 2867 2622 2927 Boeth.

536 2968 914 3030 reddendum
963 2983 1098 3026 esse
1159 2965 1315 3024 bene
1358 2964 1509 3023 vidit
1554 2965 1814 3032 afferens
1862 2968 2016 3024 Stat.
2061 2968 2253 3027 Theb.
2292 2970 2393 3042 IV,
2441 2968 2623 3029 106.:

534 3073 857 3138 Herculea
898 3075 1190 3142 turpatus
1227 3069 1537 3143 gymnade
1578 3069 1788 3126 vultus
1832 3073 2047 3129 Amm's
2089 3079 2204 3129 etc.
2225 3115 2242 3145 ,
2308 3072 2386 3129 cf.
2439 3074 2623 3138 etiam

534 3174 808 3235 Broukh.
856 3170 934 3234 ad
968 3169 1157 3245 Prop.
1190 3166 1272 3239 ΙΙ,
1305 3167 1408 3240 24,
1442 3168 1543 3227 34.
1589 3188 1650 3245 Ρ.
1687 3168 1829 3229 236.
1866 3175 1929 3229 et
1963 3171 2225 3246 Planud.
2254 3174 2577 3251 interpret.
2605 3197 2626 3249 q

544 3265 798 3354 Toevps'qv,
831 3264 1107 3352 βλαφθεὶς
1139 3259 1386 3335 Ἀχελῶος
1421 3258 1576 3333 ὄψιν.
1616 3296 1676 3306 -

1102 3749 2042 3838 ADNOTATIONES

835 3940 988 4009 An
1071 3938 1589 4023 MERUM
1657 3938 1714 4025 Q
1758 3933 2305 4010 nmmum:

698 4109 846 4186 Cap.
889 4110 940 4169 I.
989 4127 1052 4185 p.
1088 4106 1191 4181 98,
1237 4106 1338 4169 34.
1382 4110 1573 4167 Arist.
1622 4110 1688 4172 in
1731 4105 2021 4190 Physica]
2069 4110 2162 4169 Cf.
2209 4110 2395 4184 Phys.
2430 4110 2511 4184 11,
2551 4111 2616 4180 4,

528 4211 695 4271 6.-
739 4214 818 4273 ib.
857 4211 958 4278 28.
1000 4206 1299 4289 fortuitu]
1345 4212 1587 4290 Vulgat.
1632 4213 1872 4288 peiores
1917 4212 2094 4273 codd.
2140 4217 2423 4274 tuentur:
2470 4234 2611 4273 eam

524 4316 781 4374 formam
826 4335 944 4373 non
992 4314 1508 4390 antiquissimam,
1575 4314 1684 4373 sed
1742 4319 2218 4376 recentissimam
2265 4336 2402 4375 esse
2447 4319 2612 4375 bene

526 4418 729 4477 Hand.
772 4412 986 4496 (Ταῖς.
1016 4417 1098 4490 Π,
1143 4438 1204 4495 Ρ.
1242 4414 1419 4492 743.)
1468 4421 1682 4480 contra
1728 4418 1998 4479 Giesium
2043 4418 2154 4496 (ad
2184 4420 2306 4478 Cic.
2356 4420 2432 4479 dc
2466 4420 2607 4478 Div.
