2867 5125
1060 431 1662 505 Carum-111.
2305 453 2417 504 m

310 607 448 674 bui.
533 604 817 692 Semper
853 616 1074 673 autem
1116 604 1309 672 codd.
1365 624 1556 671 meos
1597 613 1749 670 vett.
1795 613 2079 690 quatuor
2144 614 2417 672 secutus

310 740 460 784 sum
513 717 607 783 ita
629 762 650 797 ,
714 728 786 784 ut
827 738 916 783 ex
969 718 1052 783 ii·
1114 716 1433 784 lectiones
1486 726 1963 803 ,nonnunquam
2025 717 2414 804 reciperem,

313 850 484 919 quas
526 831 615 896 ab
659 829 810 896 aliia
850 850 985 895 noa
1027 830 1245 895 inveni
1277 826 1546 910 allatas,
1588 849 1677 896 ac
1713 829 2060 895 verborum
2102 830 2418 914 ordinem,

314 943 430 1029 qui
488 940 553 1006 in
610 939 884 1030 reliqms
927 942 1321 1008 editionibus
1378 939 1613 1007 mirum
1652 939 1720 1006 in
1761 939 2027 1006 modum
2068 952 2418 1026 corruptus

313 1052 750 1137 vulgabatur,
797 1052 938 1119 fere
981 1053 1223 1143 ubique
1271 1062 1610 1118 mutarem.
1698 1051 1848 1126 Quo
1894 1050 2139 1118 factum
2190 1064 2317 1133 est,
2347 1064 2423 1119 ut

316 1164 515 1230 huius
545 1165 848 1231 editionis
877 1176 1097 1232 textus
1129 1185 1175 1231 a
1213 1163 1548 1250 vulpiano
1564 1158 2182 1252 Helfrechtianoque
2210 1186 2425 1250 prope

322 1274 498 1343 CCC
540 1275 708 1341 locis
737 1277 1034 1342 distaret.
1104 1276 1300 1351 Quod
1327 1275 1388 1340 si
1419 1275 1850 1358 contingeret,
1872 1286 1946 1340 ut
1974 1274 2153 1340 haec
2181 1297 2420 1361 pauca,

322 1409 499 1475 quae
540 1389 628 1453 ad
672 1399 919 1455 textum
960 1386 1226 1455 Boethii
1267 1386 1742 1454 emendandum
1786 1385 2056 1465 contuli,
2099 1388 2278 1473 typis
2319 1408 2423 1454 re-

320 1509 726 1585 peterentur,
794 1500 863 1565 id
905 1496 1139 1565 sedulo
1181 1516 1407 1583 agam,
1447 1508 1521 1564 ut
1561 1496 1719 1562 mihi
1761 1506 1923 1564 usus
1968 1509 2122 1563 vett.
2164 1498 2426 1566 iliorum

325 1611 522 1677 codd=
565 1610 997 1690 Gallicorum,
1041 1608 1626 1695 Bambergensium
1679 1607 2309 1697 Monacensiumque
2350 1609 2431 1676 li-

325 1721 640 1790 beraliter
686 1723 1112 1802 concedatur,
1154 1742 1323 1809 quos
1366 1721 1717 1808 quominus
1754 1736 1933 1787 nunc
1974 1741 2433 1807 compararem

328 1844 401 1900 et
447 1835 766 1918 temporis
800 1845 868 1901 et
908 1834 1040 1901 loci
1081 1834 1319 1901 iniuria
1360 1852 1469 1899 me
1507 1831 1858 1917 impedivit.

501 1968 746 2036 Restat
771 1969 992 2060 igitur,
1017 1977 1091 2036 ut
1121 1991 1289 2057 quos
1319 1968 1516 2036 codd.
1552 1967 1980 2035 benivolentia
2013 1967 2434 2038 bibliotheca-

326 2082 577 2147 riornm
610 2091 839 2148 nactus
869 2100 1041 2163 sum,
1072 2083 1299 2171 paucis
1332 2070 1723 2158 describam,
1757 2079 2165 2164 compendia,
2197 2081 2431 2171 quibus

229 2186 242 2195 ’
331 2192 533 2257 cosin
550 2191 1071 2259 adnotationibus
1090 2172 1362 2283 signavi,
1378 2190 1690 2271 indicem3
1721 2198 1787 2256 et
1801 2189 2100 2257 alectore
2114 2192 2431 2260 benevolo

331 2315 576 2391 petam,
606 2313 679 2370 ut
707 2286 1190 2392 typothetarum
1223 2312 1437 2371 errata
1468 2302 1770 2370 emendet
1784 2286 2056 2369 haecce:
2090 2328 2155 2393 p.
2171 2304 2234 2389 8,
2254 2309 2311 2372 1.
2343 2310 2436 2372 ri-

336 2435 581 2498 marer,
611 2439 673 2504 p.
693 2417 799 2499 15,
819 2418 919 2483 12.
938 2417 1349 2500 obiectorum,
1378 2438 1443 2505 p.
1459 2416 1568 2500 20,
1583 2416 1686 2480 27.
1702 2396 2115 2500 impatientia
2129 2440 2190 2505 p.
2206 2418 2313 2502 29,
2337 2420 2437 2487 13.

339 2536 434 2608 at,
451 2549 515 2617 p.
531 2527 637 2613 45,
654 2527 754 2594 10.
772 2528 999 2594 horum
1014 2528 1145 2613 ad.,
1168 2551 1231 2618 p.
1247 2528 1421 2609 51,1.
1446 2529 1791 2616 inylmius‘,
1806 2549 1868 2616 p.
1889 2527 1998 2611 53,
2015 2528 2117 2596 26.
2141 2530 2349 2617 devie,
2371 2554 2437 2620 p.

335 2641 447 2720 55,
468 2640 571 2707 15.
589 2649 848 2721 cuncta,
867 2664 929 2728 p.
952 2640 1104 2719 139,
1121 2640 1206 2704 32
1223 2642 1365 2707 arsi
1382 2645 1536 2726 (pro
1552 2639 1770 2720 thesi),
1797 2663 1860 2727 p.
1879 2637 2028 2721 150,
2045 2640 2107 2707 7.
2124 2644 2245 2709 ins.
2278 2665 2325 2709 n
2341 2663 2442 2711 on

338 2772 391 2818 s.
432 2751 514 2839 p.'
542 2750 687 2837 158,
717 2751 819 2818 13.
859 2751 903 2818 l.
936 2751 1188 2836 XXIX,
1214 2750 1279 2818 9.
1332 2752 1573 2818 Cetera
1609 2749 1800 2817 facile
1831 2751 2342 2822 emendabuntur
2354 2753 2444 2844 *).

516 3073 780 3137 Codices
839 3074 1170 3137 Gothanos
1223 3074 1346 3132 iam
1390 3059 1509 3134 Fr.
1561 3070 1816 3134 Ῑασοόε.
1863 3071 2209 3153 descripsit.
2229 3076 2324 3155 ⁸⁸)
2360 3109 2449 3123 -

345 3186 500 3247 cod.
544 3185 597 3246 1.
644 3186 902 3247 Membr.
963 3182 1078 3267 (Π.
1125 3205 1187 3248 n.
1243 3183 1382 3246 103.
1425 3181 1561 3246 rol.
1609 3182 1752 3246 125.
1795 3182 1907 3243 AJt
1947 3183 2058 3244 9st
2103 3184 2246 3252 5.“’.
2312 3189 2451 3251 Lat.

346 3296 459 3374 6,⁴¹
501 3298 610 3357 lin·
660 3299 723 3356 in
768 3316 910 3377 pag.
956 3296 1091 3374 21.)
1137 3297 1252 3356 sub
1296 3294 1403 3356 fin.
1451 3313 1578 3355 sec.
1626 3294 1705 3356 X.
1757 3298 2038 3355 exaratus
2084 3301 2198 3357 est.
2287 3298 2454 3360 Con-

345 3412 507 3470 tinet
544 3412 794 3487 praeter
832 3409 1056 3470 Boeth.
1104 3427 1274 3469 cous.
1317 3407 1471 3486 phil.
1531 3405 1871 3484 opuscula,
1930 3427 2090 3484 quac
2140 3411 2261 3471 sub
2319 3414 2453 3474 eius

346 3524 597 3583 nomine
642 3521 950 3595 fernum,
993 3520 1342 3599 theologica
1387 3515 1491 3595 [dc
1534 3518 1702 3596 trin„
1745 3518 1826 3577 ad
1869 3522 1947 3578 at.
1992 3520 2252 3584 Ichana.
2296 3513 2471 3585 diac(

346 3632 546 3693 aeccl.
591 3626 748 3712 (sic)
789 3649 947 3694 rom.
1005 3630 1314 3708 quomodo
1371 3631 1555 3708 pater
1597 3632 1715 3688 etc.
1735 3672 1756 3705 ‚
1816 3632 2125 3706 quomodo
2170 3636 2458 3695 substan-

491 3839 544 3910 ’)
579 3836 666 3892 Ad
680 3854 731 3909 p.
748 3834 852 3891 XV
854 3833 893 3890 1.
923 3843 1033 3890 not.
1054 3838 1141 3893 35.
1161 3835 1336 3891 addet
1367 3835 1422 3890 in
1439 3834 1561 3890 cod.
1579 3842 1688 3889 vet.
1705 3834 1998 3908 Alanpone
2011 3848 2228 3896 servato
2262 3842 2316 3896 in
2347 3839 2462 3897 fine

347 3934 388 3989 Ι.
424 3931 497 3987 de
510 3929 722 3986 Musica
749 3930 889 4002 legi:
916 3928 1427 4004 Lonyobardorum
1457 3928 1680 3985 invidia
1708 3945 1824 3983 mm
1852 3930 2093 4002 explicit
2123 3937 2363 3996 musica,
2398 3934 2469 3991 X

352 4028 660 4097 enimvap.
677 4023 912 4088 desunt3
948 4022 1015 4077 cf.
1057 4021 1155 4077 Fe
1169 4023 1207 4078 l.
1247 4022 1305 4077 R
1319 4040 1357 4078 a
1372 4040 1405 4078 υ
1424 4041 1463 4077 a
1477 4023 1543 4076 is
1555 4039 1585 4076 s
1599 4037 1633 4076 o
1647 4038 1700 4075 n.
1719 4039 1745 4075 ε
1768 4020 2042 4095 Repperi.
2058 4055 2124 4066 —
2137 4043 2239 4080 sur
2271 4028 2354 4082 les
2382 4027 2461 4082 ht·-

352 4115 558 4174 betoth.
578 4116 651 4171 de
665 4115 1006 4190 Departem.
1024 4115 1097 4172 de
1111 4115 1329 4173 l'Ouest
1345 4123 1450 4171 etc.
1467 4114 1623 4171 Paris
1640 4118 1793 4174 1841.
1816 4115 1875 4172 0.
1896 4114 2182 4173 Schmidt.
2197 4119 2250 4172 in
2269 4119 2462 4175 Annal.

355 4211 478 4268 len.
514 4215 663 4269 1842.
693 4207 768 4265 N.
799 4214 921 4269 245.
997 4223 1004 4232 ·

499 4330 598 4401 53)
630 4325 890 4402 Beitriige
933 4346 1029 4383 zur
1075 4328 1166 4384 iilt.
1195 4328 1415 4384 Literat.
1460 4327 1597 4384 oder
1637 4326 2063 4399 Merkwiirdigk.
2094 4328 2191 4386 der
2227 4325 2464 4405 hcrzcgh

353 4421 510 4481 Bibl.
541 4438 609 4478 zu
648 4420 827 4477 Gotha
861 4420 1041 4495 (Lips.
1079 4426 1253 4491 1835.)
1290 4421 1352 4477 Τ.
1378 4421 1420 4475 1.
1459 4440 1510 4494 p.
1544 4426 1826 4482 212—14.
