<?xml version="1.0" encoding="UTF-8"?>
<!DOCTYPE html PUBLIC "-//W3C//DTD XHTML 1.0 Transitional//EN"
    "http://www.w3.org/TR/xhtml1/DTD/xhtml1-transitional.dtd">
<html xmlns="http://www.w3.org/1999/xhtml" xml:lang="en" lang="en">
 <head>
  <title>
</title>
<meta http-equiv="Content-Type" content="text/html;charset=utf-8" />
  <meta name='ocr-system' content='tesseract 3.04.00' />
  <meta name='ocr-capabilities' content='ocr_page ocr_carea ocr_par ocr_line ocrx_word'/>
</head>
<body>
  <div class='ocr_page' id='page_1' title='image "aniciimanliisev00obbagoog_0407.png"; bbox 0 0 2867 5125; ppageno 0'>
   <div class='ocr_carea' id='block_1_1' title="bbox 888 432 2282 513">
    <p class='ocr_par' dir='ltr' id='par_1_1' title="bbox 888 432 2282 513">
     <span class='ocr_line' id='line_1_1' title="bbox 888 432 2282 513; baseline 0.006 -18"><span class='ocrx_word' id='word_1_1' title='bbox 888 451 1022 495; x_wconf 75' lang='lat' dir='ltr'>An</span> <span class='ocrx_word' id='word_1_2' title='bbox 1108 450 1428 513; x_wconf 58' lang='lat' dir='ltr'>puna.</span> <span class='ocrx_word' id='word_1_3' title='bbox 1516 432 1590 498; x_wconf 82' lang='lat'>11.</span> <span class='ocrx_word' id='word_1_4' title='bbox 2153 434 2282 503; x_wconf 74' lang='lat' dir='ltr'>1ae</span> 
     </span>
    </p>
   </div>
   <div class='ocr_carea' id='block_1_2' title="bbox 184 599 2354 4448">
    <p class='ocr_par' dir='ltr' id='par_1_2' title="bbox 184 599 2354 4448">
     <span class='ocr_line' id='line_1_2' title="bbox 190 599 2281 688; baseline 0.005 -26"><span class='ocrx_word' id='word_1_5' title='bbox 190 599 369 662; x_wconf 87' lang='lat'><strong>1055.</strong></span> <span class='ocrx_word' id='word_1_6' title='bbox 428 600 548 675; x_wconf 88' lang='lat' dir='ltr'>VI,</span> <span class='ocrx_word' id='word_1_7' title='bbox 610 600 755 662; x_wconf 79' lang='grc'><strong>420.</strong></span> <span class='ocrx_word' id='word_1_8' title='bbox 818 602 961 664; x_wconf 89' lang='grc'><strong>715.</strong></span> <span class='ocrx_word' id='word_1_9' title='bbox 1026 599 1244 682; x_wconf 82' lang='lat' dir='ltr'>[Prud.</span> <span class='ocrx_word' id='word_1_10' title='bbox 1301 605 1528 665; x_wconf 85' lang='lat' dir='ltr'>Perist.</span> <span class='ocrx_word' id='word_1_11' title='bbox 1588 605 1742 679; x_wconf 90' lang='lat' dir='ltr'>VII,</span> <span class='ocrx_word' id='word_1_12' title='bbox 1803 602 1950 688; x_wconf 80' lang='lat' dir='ltr'>(IV)</span> <span class='ocrx_word' id='word_1_13' title='bbox 2027 606 2107 669; x_wconf 83' lang='lat'>15</span> <span class='ocrx_word' id='word_1_14' title='bbox 2164 615 2281 672; x_wconf 81' lang='lat' dir='ltr'>civ.</span> 
     </span>
     <span class='ocr_line' id='line_1_3' title="bbox 184 700 2284 789; baseline 0.004 -25"><span class='ocrx_word' id='word_1_15' title='bbox 184 706 382 764; x_wconf 76' lang='lat' dir='ltr'>omnis</span> <span class='ocrx_word' id='word_1_16' title='bbox 430 723 464 765; x_wconf 84' lang='lat' dir='ltr'>e</span> <span class='ocrx_word' id='word_1_17' title='bbox 511 702 690 762; x_wconf 83' lang='lat' dir='ltr'><strong>codd.</strong></span> <span class='ocrx_word' id='word_1_18' title='bbox 735 700 988 782; x_wconf 65' lang='lat' dir='ltr'>corrig]</span> <span class='ocrx_word' id='word_1_19' title='bbox 1039 708 1178 778; x_wconf 66' lang='lat' dir='ltr'>etc„</span> <span class='ocrx_word' id='word_1_20' title='bbox 1232 707 1343 766; x_wconf 78' lang='lat' dir='ltr'>sed</span> <span class='ocrx_word' id='word_1_21' title='bbox 1385 708 1729 780; x_wconf 78' lang='lat' dir='ltr'><strong>licentiam,</strong></span> <span class='ocrx_word' id='word_1_22' title='bbox 1775 727 1955 785; x_wconf 86' lang='lat' dir='ltr'>quam</span> <span class='ocrx_word' id='word_1_23' title='bbox 2000 715 2284 789; x_wconf 76' lang='lat' dir='ltr'>exposui-</span> 
     </span>
     <span class='ocr_line' id='line_1_4' title="bbox 184 806 2282 891; baseline 0.006 -27"><span class='ocrx_word' id='word_1_24' title='bbox 184 825 340 879; x_wconf 74' lang='lat' dir='ltr'>muS,</span> <span class='ocrx_word' id='word_1_25' title='bbox 390 806 764 865; x_wconf 72' lang='lat' dir='ltr'>admittuntz</span> <span class='ocrx_word' id='word_1_26' title='bbox 833 807 1055 866; x_wconf 73' lang='lat' dir='ltr'>Catuli.</span> <span class='ocrx_word' id='word_1_27' title='bbox 1120 809 1239 881; x_wconf 90' lang='lat' dir='ltr'>IV,</span> <span class='ocrx_word' id='word_1_28' title='bbox 1302 808 1360 868; x_wconf 95' lang='grc'><strong>9.</strong></span> <span class='ocrx_word' id='word_1_29' title='bbox 1427 808 1527 871; x_wconf 87' lang='grc'>18.</span> <span class='ocrx_word' id='word_1_30' title='bbox 1595 810 1765 883; x_wconf 78' lang='lat' dir='ltr'>xlx,</span> <span class='ocrx_word' id='word_1_31' title='bbox 1814 809 1872 870; x_wconf 98' lang='grc'><strong>4.</strong></span> <span class='ocrx_word' id='word_1_32' title='bbox 1940 814 2077 875; x_wconf 83' lang='lat' dir='ltr'>Tib.</span> <span class='ocrx_word' id='word_1_33' title='bbox 2118 811 2174 889; x_wconf 91' lang='lat' dir='ltr'>I,</span> <span class='ocrx_word' id='word_1_34' title='bbox 2218 813 2282 891; x_wconf 88' lang='grc'>6,</span> 
     </span>
     <span class='ocr_line' id='line_1_5' title="bbox 184 904 2283 993; baseline 0.004 -26"><span class='ocrx_word' id='word_1_35' title='bbox 184 907 285 967; x_wconf 87' lang='grc'>34.</span> <span class='ocrx_word' id='word_1_36' title='bbox 348 908 559 967; x_wconf 81' lang='lat' dir='ltr'>Manil.</span> <span class='ocrx_word' id='word_1_37' title='bbox 617 904 719 983; x_wconf 92' lang='lat' dir='ltr'>II,</span> <span class='ocrx_word' id='word_1_38' title='bbox 781 907 924 969; x_wconf 85' lang='lat'><strong>337.</strong></span> <span class='ocrx_word' id='word_1_39' title='bbox 984 906 1169 987; x_wconf 76' lang='lat' dir='ltr'>(loca</span> <span class='ocrx_word' id='word_1_40' title='bbox 1223 915 1290 971; x_wconf 81' lang='lat' dir='ltr'>in</span> <span class='ocrx_word' id='word_1_41' title='bbox 1345 915 1515 987; x_wconf 75' lang='lat' dir='ltr'>tripl.</span> <span class='ocrx_word' id='word_1_42' title='bbox 1574 909 1822 989; x_wconf 79' lang='lat' dir='ltr'>Bentl.)</span> <span class='ocrx_word' id='word_1_43' title='bbox 1884 911 2028 972; x_wconf 72' lang='lat'><strong>451.</strong></span> <span class='ocrx_word' id='word_1_44' title='bbox 2091 915 2283 993; x_wconf 80' lang='lat' dir='ltr'>(stat.</span> 
     </span>
     <span class='ocr_line' id='line_1_6' title="bbox 187 1006 2282 1089; baseline 0.004 -19"><span class='ocrx_word' id='word_1_45' title='bbox 187 1011 331 1070; x_wconf 83' lang='lat' dir='ltr'>Silv.</span> <span class='ocrx_word' id='word_1_46' title='bbox 376 1006 430 1085; x_wconf 86' lang='grc' dir='ltr'>Ι,</span> <span class='ocrx_word' id='word_1_47' title='bbox 474 1007 535 1084; x_wconf 90' lang='grc'>6,</span> <span class='ocrx_word' id='word_1_48' title='bbox 584 1007 660 1069; x_wconf 92' lang='grc'><strong>10</strong></span> <span class='ocrx_word' id='word_1_49' title='bbox 678 1008 743 1089; x_wconf 62' lang='lat'>³)</span> <span class='ocrx_word' id='word_1_50' title='bbox 789 1009 1024 1068; x_wconf 81' lang='lat' dir='ltr'>Auson.</span> <span class='ocrx_word' id='word_1_51' title='bbox 1064 1012 1198 1071; x_wconf 89' lang='lat' dir='ltr'>Ecl.</span> <span class='ocrx_word' id='word_1_52' title='bbox 1240 1012 1350 1088; x_wconf 86' lang='lat' dir='ltr'>IX,</span> <span class='ocrx_word' id='word_1_53' title='bbox 1401 1012 1457 1073; x_wconf 88' lang='lat'>1.</span> <span class='ocrx_word' id='word_1_54' title='bbox 1520 1013 1615 1072; x_wconf 89' lang='lat' dir='ltr'>De</span> <span class='ocrx_word' id='word_1_55' title='bbox 1660 1013 1799 1073; x_wconf 77' lang='lat' dir='ltr'>hist.</span> <span class='ocrx_word' id='word_1_56' title='bbox 1843 1013 1900 1073; x_wconf 90' lang='grc'><strong>7.</strong></span> <span class='ocrx_word' id='word_1_57' title='bbox 1964 1014 2282 1078; x_wconf 78' lang='lat' dir='ltr'>Gramma-</span> 
     </span>
     <span class='ocr_line' id='line_1_7' title="bbox 185 1109 2286 1186; baseline 0.006 -15"><span class='ocrx_word' id='word_1_58' title='bbox 185 1116 392 1174; x_wconf 90' lang='lat' dir='ltr'>ticom.</span> <span class='ocrx_word' id='word_1_59' title='bbox 459 1112 556 1172; x_wconf 84' lang='lat'>19.</span> <span class='ocrx_word' id='word_1_60' title='bbox 636 1112 829 1172; x_wconf 86' lang='lat' dir='ltr'>Prud.</span> <span class='ocrx_word' id='word_1_61' title='bbox 888 1111 1111 1186; x_wconf 78' lang='lat' dir='ltr'><strong>Psych.</strong></span> <span class='ocrx_word' id='word_1_62' title='bbox 1156 1109 1258 1170; x_wconf 90' lang='grc'><strong>99.</strong></span> <span class='ocrx_word' id='word_1_63' title='bbox 1315 1110 1459 1172; x_wconf 93' lang='grc'><strong>236.</strong></span> <span class='ocrx_word' id='word_1_64' title='bbox 1519 1112 1663 1172; x_wconf 90' lang='grc'><strong>252.</strong></span> <span class='ocrx_word' id='word_1_65' title='bbox 1725 1113 1867 1176; x_wconf 88' lang='grc'><strong>903.</strong></span> <span class='ocrx_word' id='word_1_66' title='bbox 1926 1118 2149 1182; x_wconf 78' lang='lat' dir='ltr'>Perist.</span> <span class='ocrx_word' id='word_1_67' title='bbox 2191 1122 2286 1183; x_wconf 91' lang='lat' dir='ltr'>XI</span> 
     </span>
     <span class='ocr_line' id='line_1_8' title="bbox 188 1198 2284 1296; baseline 0.005 -24"><span class='ocrx_word' id='word_1_68' title='bbox 188 1211 393 1292; x_wconf 85' lang='lat' dir='ltr'>(Vll),</span> <span class='ocrx_word' id='word_1_69' title='bbox 424 1213 525 1273; x_wconf 84' lang='lat'>39.</span> <span class='ocrx_word' id='word_1_70' title='bbox 547 1210 647 1271; x_wconf 89' lang='grc'>59.</span> <span class='ocrx_word' id='word_1_71' title='bbox 671 1217 733 1272; x_wconf 85' lang='lat' dir='ltr'>et</span> <span class='ocrx_word' id='word_1_72' title='bbox 764 1213 1049 1292; x_wconf 72' lang='lat' dir='ltr'>Virgilius</span> <span class='ocrx_word' id='word_1_73' title='bbox 1067 1213 1394 1289; x_wconf 87' lang='lat' dir='ltr'>Siliusque,</span> <span class='ocrx_word' id='word_1_74' title='bbox 1431 1218 1532 1290; x_wconf 88' lang='lat' dir='ltr'>qui</span> <span class='ocrx_word' id='word_1_75' title='bbox 1570 1220 1726 1292; x_wconf 84' lang='lat' dir='ltr'>part.</span> <span class='ocrx_word' id='word_1_76' title='bbox 1758 1235 1876 1295; x_wconf 76' lang='lat' dir='ltr'>qne</span> <span class='ocrx_word' id='word_1_77' title='bbox 1909 1221 1969 1278; x_wconf 92' lang='lat' dir='ltr'>in</span> <span class='ocrx_word' id='word_1_78' title='bbox 2000 1198 2284 1296; x_wconf 67' lang='lat' dir='ltr'>rhythmo</span> 
     </span>
     <span class='ocr_line' id='line_1_9' title="bbox 190 1314 2285 1403; baseline 0.005 -30"><span class='ocrx_word' id='word_1_79' title='bbox 190 1316 520 1373; x_wconf 84' lang='lat' dir='ltr'>choriamb.</span> <span class='ocrx_word' id='word_1_80' title='bbox 566 1334 1002 1391; x_wconf 86' lang='lat' dir='ltr'>nonnunquam</span> <span class='ocrx_word' id='word_1_81' title='bbox 1048 1314 1417 1390; x_wconf 88' lang='lat' dir='ltr'>producunt,</span> <span class='ocrx_word' id='word_1_82' title='bbox 1463 1317 1541 1376; x_wconf 82' lang='lat' dir='ltr'>cf.</span> <span class='ocrx_word' id='word_1_83' title='bbox 1576 1318 1788 1397; x_wconf 86' lang='lat' dir='ltr'>Wagn.</span> <span class='ocrx_word' id='word_1_84' title='bbox 1837 1322 2086 1395; x_wconf 72' lang='lat' dir='ltr'>Quaest.</span> <span class='ocrx_word' id='word_1_85' title='bbox 2120 1325 2285 1403; x_wconf 82' lang='lat' dir='ltr'>Virg.</span> 
     </span>
     <span class='ocr_line' id='line_1_10' title="bbox 189 1414 2289 1495; baseline 0.004 -20"><span class='ocrx_word' id='word_1_86' title='bbox 189 1418 322 1476; x_wconf 90' lang='lat' dir='ltr'>VII.</span> <span class='ocrx_word' id='word_1_87' title='bbox 365 1418 572 1492; x_wconf 78' lang='lat' dir='ltr'>Intpp.</span> <span class='ocrx_word' id='word_1_88' title='bbox 621 1418 699 1476; x_wconf 90' lang='lat' dir='ltr'>ad</span> <span class='ocrx_word' id='word_1_89' title='bbox 757 1417 865 1477; x_wconf 88' lang='lat' dir='ltr'>Sil.</span> <span class='ocrx_word' id='word_1_90' title='bbox 914 1417 1060 1490; x_wconf 92' lang='lat' dir='ltr'>VII,</span> <span class='ocrx_word' id='word_1_91' title='bbox 1113 1414 1257 1476; x_wconf 91' lang='grc'><strong>618.</strong></span> <span class='ocrx_word' id='word_1_92' title='bbox 1343 1417 1718 1495; x_wconf 77' lang='lat' dir='ltr'><strong>Plerumque</strong></span> <span class='ocrx_word' id='word_1_93' title='bbox 1780 1423 1938 1481; x_wconf 88' lang='lat' dir='ltr'>enim</span> <span class='ocrx_word' id='word_1_94' title='bbox 1985 1442 2055 1483; x_wconf 84' lang='lat' dir='ltr'>ex</span> <span class='ocrx_word' id='word_1_95' title='bbox 2094 1427 2289 1484; x_wconf 80' lang='lat' dir='ltr'>versi-</span> 
     </span>
     <span class='ocr_line' id='line_1_11' title="bbox 189 1515 2290 1600; baseline 0.003 -23"><span class='ocrx_word' id='word_1_96' title='bbox 189 1520 303 1580; x_wconf 80' lang='lat' dir='ltr'>bus</span> <span class='ocrx_word' id='word_1_97' title='bbox 348 1519 614 1578; x_wconf 77' lang='lat' dir='ltr'>laudatis</span> <span class='ocrx_word' id='word_1_98' title='bbox 659 1520 723 1578; x_wconf 89' lang='lat' dir='ltr'>in</span> <span class='ocrx_word' id='word_1_99' title='bbox 763 1515 848 1578; x_wconf 91' lang='grc' dir='ltr'><strong>ΙΙ.</strong></span> <span class='ocrx_word' id='word_1_100' title='bbox 894 1520 1018 1578; x_wconf 80' lang='lat' dir='ltr'>sive</span> <span class='ocrx_word' id='word_1_101' title='bbox 1060 1519 1164 1579; x_wconf 93' lang='lat' dir='ltr'>IV.</span> <span class='ocrx_word' id='word_1_102' title='bbox 1221 1519 1552 1580; x_wconf 76' lang='lat' dir='ltr'>hexametri</span> <span class='ocrx_word' id='word_1_103' title='bbox 1599 1521 1758 1598; x_wconf 86' lang='lat' dir='ltr'>pede</span> <span class='ocrx_word' id='word_1_104' title='bbox 1804 1542 1841 1582; x_wconf 88' lang='lat' dir='ltr'>a</span> <span class='ocrx_word' id='word_1_105' title='bbox 1884 1526 2082 1600; x_wconf 77' lang='lat' dir='ltr'>poetis</span> <span class='ocrx_word' id='word_1_106' title='bbox 2127 1525 2290 1584; x_wconf 86' lang='lat' dir='ltr'>hanc</span> 
     </span>
     <span class='ocr_line' id='line_1_12' title="bbox 187 1622 2289 1701; baseline 0.003 -21"><span class='ocrx_word' id='word_1_107' title='bbox 187 1622 495 1680; x_wconf 80' lang='lat' dir='ltr'>licentiam</span> <span class='ocrx_word' id='word_1_108' title='bbox 559 1639 694 1681; x_wconf 84' lang='lat' dir='ltr'>esse</span> <span class='ocrx_word' id='word_1_109' title='bbox 751 1624 1116 1698; x_wconf 80' lang='lat' dir='ltr'>usurpatum</span> <span class='ocrx_word' id='word_1_110' title='bbox 1178 1626 1472 1698; x_wconf 88' lang='lat' dir='ltr'>apparet,</span> <span class='ocrx_word' id='word_1_111' title='bbox 1534 1624 1895 1700; x_wconf 70' lang='lat' dir='ltr'>aliquotieS,</span> <span class='ocrx_word' id='word_1_112' title='bbox 1956 1626 2068 1686; x_wconf 79' lang='lat' dir='ltr'>sed</span> <span class='ocrx_word' id='word_1_113' title='bbox 2123 1646 2289 1701; x_wconf 89' lang='lat' dir='ltr'>raro,</span> 
     </span>
     <span class='ocr_line' id='line_1_13' title="bbox 187 1722 2292 1797; baseline 0.002 -14"><span class='ocrx_word' id='word_1_114' title='bbox 187 1728 244 1783; x_wconf 93' lang='lat' dir='ltr'>in</span> <span class='ocrx_word' id='word_1_115' title='bbox 310 1742 602 1796; x_wconf 83' lang='lat' dir='ltr'>caesura3</span> <span class='ocrx_word' id='word_1_116' title='bbox 650 1723 689 1780; x_wconf 96' lang='lat' dir='ltr'>ii</span> <span class='ocrx_word' id='word_1_117' title='bbox 735 1725 939 1781; x_wconf 87' lang='lat' dir='ltr'>autem</span> <span class='ocrx_word' id='word_1_118' title='bbox 984 1722 1145 1795; x_wconf 94' lang='lat' dir='ltr'>loci,</span> <span class='ocrx_word' id='word_1_119' title='bbox 1206 1723 1268 1780; x_wconf 86' lang='lat' dir='ltr'>in</span> <span class='ocrx_word' id='word_1_120' title='bbox 1328 1724 1549 1797; x_wconf 80' lang='lat' dir='ltr'>quibus</span> <span class='ocrx_word' id='word_1_121' title='bbox 1605 1727 1859 1785; x_wconf 79' lang='lat' dir='ltr'>verbum</span> <span class='ocrx_word' id='word_1_122' title='bbox 1918 1745 2055 1787; x_wconf 91' lang='lat' dir='ltr'>cum</span> <span class='ocrx_word' id='word_1_123' title='bbox 2120 1732 2292 1788; x_wconf 84' lang='lat' dir='ltr'>muta</span> 
     </span>
     <span class='ocr_line' id='line_1_14' title="bbox 189 1822 2288 1901; baseline 0.002 -18"><span class='ocrx_word' id='word_1_124' title='bbox 189 1829 251 1884; x_wconf 87' lang='lat' dir='ltr'>et</span> <span class='ocrx_word' id='word_1_125' title='bbox 311 1825 545 1901; x_wconf 90' lang='lat' dir='ltr'>liquida</span> <span class='ocrx_word' id='word_1_126' title='bbox 609 1822 909 1899; x_wconf 87' lang='lat' dir='ltr'>incipiens</span> <span class='ocrx_word' id='word_1_127' title='bbox 967 1826 1031 1883; x_wconf 86' lang='lat' dir='ltr'>et</span> <span class='ocrx_word' id='word_1_128' title='bbox 1094 1824 1354 1884; x_wconf 83' lang='lat' dir='ltr'>alterum</span> <span class='ocrx_word' id='word_1_129' title='bbox 1421 1825 1656 1901; x_wconf 80' lang='lat' dir='ltr'>syllaba</span> <span class='ocrx_word' id='word_1_130' title='bbox 1715 1827 1882 1887; x_wconf 83' lang='lat' dir='ltr'>brevi</span> <span class='ocrx_word' id='word_1_131' title='bbox 1947 1828 2165 1888; x_wconf 80' lang='lat' dir='ltr'>finiens</span> <span class='ocrx_word' id='word_1_132' title='bbox 2225 1830 2288 1887; x_wconf 86' lang='lat' dir='ltr'>in</span> 
     </span>
     <span class='ocr_line' id='line_1_15' title="bbox 186 1924 2290 2004; baseline 0.002 -18"><span class='ocrx_word' id='word_1_133' title='bbox 186 1930 349 1988; x_wconf 82' lang='lat' dir='ltr'>thesi</span> <span class='ocrx_word' id='word_1_134' title='bbox 410 1927 747 1997; x_wconf 82' lang='lat' dir='ltr'>invenitur,</span> <span class='ocrx_word' id='word_1_135' title='bbox 811 1924 1158 2004; x_wconf 82' lang='lat' dir='ltr'>corrigendi</span> <span class='ocrx_word' id='word_1_136' title='bbox 1221 1929 1383 1985; x_wconf 83' lang='lat' dir='ltr'>sunt.</span> <span class='ocrx_word' id='word_1_137' title='bbox 1471 1926 1690 2001; x_wconf 87' lang='lat' dir='ltr'>Itaque</span> <span class='ocrx_word' id='word_1_138' title='bbox 1748 1928 1983 1989; x_wconf 82' lang='lat' dir='ltr'>Auson.</span> <span class='ocrx_word' id='word_1_139' title='bbox 2029 1930 2106 1989; x_wconf 92' lang='lat' dir='ltr'>cl.</span> <span class='ocrx_word' id='word_1_140' title='bbox 2152 1932 2290 1993; x_wconf 89' lang='lat' dir='ltr'>urb.</span> 
     </span>
     <span class='ocr_line' id='line_1_16' title="bbox 186 2026 2291 2109; baseline 0.002 -20"><span class='ocrx_word' id='word_1_141' title='bbox 186 2030 268 2103; x_wconf 97' lang='lat' dir='ltr'>X,</span> <span class='ocrx_word' id='word_1_142' title='bbox 318 2026 378 2088; x_wconf 89' lang='grc'><strong>6.</strong></span> <span class='ocrx_word' id='word_1_143' title='bbox 414 2047 527 2104; x_wconf 82' lang='lat' dir='ltr'>pro</span> <span class='ocrx_word' id='word_1_144' title='bbox 576 2028 780 2085; x_wconf 74' lang='lat' dir='ltr'>Versa</span> <span class='ocrx_word' id='word_1_145' title='bbox 825 2028 1034 2085; x_wconf 73' lang='lat' dir='ltr'>Graia</span> <span class='ocrx_word' id='word_1_146' title='bbox 1076 2047 1299 2087; x_wconf 78' lang='lat' dir='ltr'>manus</span> <span class='ocrx_word' id='word_1_147' title='bbox 1344 2028 1422 2087; x_wconf 90' lang='lat' dir='ltr'>ad</span> <span class='ocrx_word' id='word_1_148' title='bbox 1470 2027 1647 2087; x_wconf 86' lang='lat' dir='ltr'>codd.</span> <span class='ocrx_word' id='word_1_149' title='bbox 1708 2029 1943 2105; x_wconf 77' lang='lat' dir='ltr'>aliquot</span> <span class='ocrx_word' id='word_1_150' title='bbox 2000 2050 2291 2109; x_wconf 86' lang='lat' dir='ltr'>compen·</span> 
     </span>
     <span class='ocr_line' id='line_1_17' title="bbox 189 2128 2291 2204; baseline 0.002 -17"><span class='ocrx_word' id='word_1_151' title='bbox 189 2130 359 2187; x_wconf 82' lang='lat' dir='ltr'>dium</span> <span class='ocrx_word' id='word_1_152' title='bbox 424 2128 570 2188; x_wconf 83' lang='lat' dir='ltr'>U’Ia</span> <span class='ocrx_word' id='word_1_153' title='bbox 631 2128 1018 2186; x_wconf 86' lang='lat' dir='ltr'>scribendum</span> <span class='ocrx_word' id='word_1_154' title='bbox 1087 2146 1222 2187; x_wconf 84' lang='lat' dir='ltr'>esse</span> <span class='ocrx_word' id='word_1_155' title='bbox 1285 2130 1557 2187; x_wconf 83' lang='lat' dir='ltr'>existimo</span> <span class='ocrx_word' id='word_1_156' title='bbox 1623 2130 1904 2204; x_wconf 80' lang='lat' dir='ltr'>Callida,</span> <span class='ocrx_word' id='word_1_157' title='bbox 1963 2131 2117 2192; x_wconf 86' lang='lat' dir='ltr'>Hor.</span> <span class='ocrx_word' id='word_1_158' title='bbox 2177 2134 2291 2193; x_wconf 85' lang='lat' dir='ltr'>Od.</span> 
     </span>
     <span class='ocr_line' id='line_1_18' title="bbox 185 2223 2294 2307; baseline 0.002 -19"><span class='ocrx_word' id='word_1_159' title='bbox 185 2223 311 2302; x_wconf 91' lang='grc' dir='ltr'>ΠΙ,</span> <span class='ocrx_word' id='word_1_160' title='bbox 357 2227 460 2301; x_wconf 87' lang='grc'><strong>23,</strong></span> <span class='ocrx_word' id='word_1_161' title='bbox 511 2226 608 2287; x_wconf 88' lang='grc'><strong>18.</strong></span> <span class='ocrx_word' id='word_1_162' title='bbox 657 2228 735 2286; x_wconf 88' lang='lat' dir='ltr'>ob</span> <span class='ocrx_word' id='word_1_163' title='bbox 782 2247 1098 2288; x_wconf 85' lang='lat' dir='ltr'>caesuram</span> <span class='ocrx_word' id='word_1_164' title='bbox 1144 2231 1416 2288; x_wconf 83' lang='lat' dir='ltr'>excusari</span> <span class='ocrx_word' id='word_1_165' title='bbox 1461 2234 1698 2306; x_wconf 80' lang='lat' dir='ltr'>potest,</span> <span class='ocrx_word' id='word_1_166' title='bbox 1761 2232 1839 2289; x_wconf 84' lang='lat' dir='ltr'>ob</span> <span class='ocrx_word' id='word_1_167' title='bbox 1884 2252 2064 2307; x_wconf 87' lang='lat' dir='ltr'>quam</span> <span class='ocrx_word' id='word_1_168' title='bbox 2111 2236 2294 2293; x_wconf 86' lang='lat' dir='ltr'>etiam</span> 
     </span>
     <span class='ocr_line' id='line_1_19' title="bbox 190 2326 2298 2405; baseline 0.003 -18"><span class='ocrx_word' id='word_1_169' title='bbox 190 2329 427 2388; x_wconf 86' lang='lat' dir='ltr'>hiatum</span> <span class='ocrx_word' id='word_1_170' title='bbox 487 2347 610 2386; x_wconf 89' lang='lat' dir='ltr'>non</span> <span class='ocrx_word' id='word_1_171' title='bbox 672 2332 909 2405; x_wconf 84' lang='lat' dir='ltr'>respuit</span> <span class='ocrx_word' id='word_1_172' title='bbox 968 2331 1082 2390; x_wconf 86' lang='lat' dir='ltr'>od.</span> <span class='ocrx_word' id='word_1_173' title='bbox 1138 2326 1240 2403; x_wconf 91' lang='lat' dir='ltr'>II,</span> <span class='ocrx_word' id='word_1_174' title='bbox 1304 2329 1424 2404; x_wconf 90' lang='grc'>20,</span> <span class='ocrx_word' id='word_1_175' title='bbox 1492 2331 1586 2391; x_wconf 90' lang='grc'>13.</span> <span class='ocrx_word' id='word_1_176' title='bbox 1673 2333 1933 2392; x_wconf 81' lang='lat' dir='ltr'>Praeter</span> <span class='ocrx_word' id='word_1_177' title='bbox 1990 2334 2156 2392; x_wconf 86' lang='lat' dir='ltr'>hunc</span> <span class='ocrx_word' id='word_1_178' title='bbox 2218 2334 2298 2393; x_wconf 81' lang='lat' dir='ltr'>de</span> 
     </span>
     <span class='ocr_line' id='line_1_20' title="bbox 192 2430 2299 2516; baseline 0.003 -27"><span class='ocrx_word' id='word_1_179' title='bbox 192 2448 321 2506; x_wconf 88' lang='lat' dir='ltr'>quo</span> <span class='ocrx_word' id='word_1_180' title='bbox 399 2430 632 2507; x_wconf 81' lang='lat' dir='ltr'>agimus</span> <span class='ocrx_word' id='word_1_181' title='bbox 691 2433 936 2492; x_wconf 86' lang='lat' dir='ltr'>Boethii</span> <span class='ocrx_word' id='word_1_182' title='bbox 993 2434 1198 2492; x_wconf 91' lang='lat' dir='ltr'>locum</span> <span class='ocrx_word' id='word_1_183' title='bbox 1279 2431 1400 2490; x_wconf 88' lang='lat' dir='ltr'>duo</span> <span class='ocrx_word' id='word_1_184' title='bbox 1463 2435 1734 2494; x_wconf 84' lang='lat' dir='ltr'>eiusdem</span> <span class='ocrx_word' id='word_1_185' title='bbox 1812 2437 2055 2516; x_wconf 82' lang='lat' dir='ltr'>generis</span> <span class='ocrx_word' id='word_1_186' title='bbox 2126 2437 2299 2495; x_wconf 82' lang='lat' dir='ltr'>invo-</span> 
     </span>
     <span class='ocr_line' id='line_1_21' title="bbox 193 2534 2302 2611; baseline 0.002 -19"><span class='ocrx_word' id='word_1_187' title='bbox 193 2536 488 2594; x_wconf 80' lang='lat' dir='ltr'>niuntur=</span> <span class='ocrx_word' id='word_1_188' title='bbox 530 2534 650 2607; x_wconf 86' lang='lat' dir='ltr'>lv,</span> <span class='ocrx_word' id='word_1_189' title='bbox 683 2534 755 2609; x_wconf 89' lang='lat'>5,</span> <span class='ocrx_word' id='word_1_190' title='bbox 795 2535 914 2611; x_wconf 90' lang='grc'><strong>19.,</strong></span> <span class='ocrx_word' id='word_1_191' title='bbox 973 2536 1077 2596; x_wconf 91' lang='lat' dir='ltr'>ubi</span> <span class='ocrx_word' id='word_1_192' title='bbox 1122 2535 1388 2595; x_wconf 81' lang='lat' dir='ltr'>fortasse</span> <span class='ocrx_word' id='word_1_193' title='bbox 1447 2557 1597 2598; x_wconf 82' lang='lat' dir='ltr'>raro</span> <span class='ocrx_word' id='word_1_194' title='bbox 1643 2558 1714 2598; x_wconf 83' lang='lat' dir='ltr'>ex</span> <span class='ocrx_word' id='word_1_195' title='bbox 1755 2541 1815 2600; x_wconf 85' lang='lat' dir='ltr'><em>A</em></span> <span class='ocrx_word' id='word_1_196' title='bbox 1856 2537 2302 2599; x_wconf 86' lang='lat' dir='ltr'>emendandum</span> 
     </span>
     <span class='ocr_line' id='line_1_22' title="bbox 191 2636 2301 2718; baseline 0.001 -23"><span class='ocrx_word' id='word_1_197' title='bbox 191 2641 332 2710; x_wconf 85' lang='lat' dir='ltr'>est,</span> <span class='ocrx_word' id='word_1_198' title='bbox 388 2636 553 2711; x_wconf 81' lang='lat' dir='ltr'>quod</span> <span class='ocrx_word' id='word_1_199' title='bbox 597 2639 658 2695; x_wconf 91' lang='lat' dir='ltr'>et</span> <span class='ocrx_word' id='word_1_200' title='bbox 701 2638 963 2698; x_wconf 86' lang='lat' dir='ltr'>Planud.</span> <span class='ocrx_word' id='word_1_201' title='bbox 1010 2638 1143 2718; x_wconf 83' lang='lat' dir='ltr'><strong>(vd.</strong></span> <span class='ocrx_word' id='word_1_202' title='bbox 1187 2640 1326 2699; x_wconf 82' lang='lat' dir='ltr'>Not.</span> <span class='ocrx_word' id='word_1_203' title='bbox 1375 2638 1452 2699; x_wconf 87' lang='lat' dir='ltr'>ad</span> <span class='ocrx_word' id='word_1_204' title='bbox 1496 2641 1555 2699; x_wconf 86' lang='lat' dir='ltr'>h.</span> <span class='ocrx_word' id='word_1_205' title='bbox 1601 2640 1673 2715; x_wconf 89' lang='lat' dir='ltr'>l.)</span> <span class='ocrx_word' id='word_1_206' title='bbox 1721 2643 1782 2700; x_wconf 87' lang='lat' dir='ltr'>et</span> <span class='ocrx_word' id='word_1_207' title='bbox 1828 2640 1967 2700; x_wconf 78' lang='lat' dir='ltr'>edd.</span> <span class='ocrx_word' id='word_1_208' title='bbox 2011 2641 2158 2698; x_wconf 82' lang='lat' dir='ltr'>vett.</span> <span class='ocrx_word' id='word_1_209' title='bbox 2197 2657 2301 2698; x_wconf 81' lang='lat' dir='ltr'>va-</span> 
     </span>
     <span class='ocr_line' id='line_1_23' title="bbox 191 2736 2304 2816; baseline 0.001 -21"><span class='ocrx_word' id='word_1_210' title='bbox 191 2740 366 2796; x_wconf 82' lang='lat' dir='ltr'>rians</span> <span class='ocrx_word' id='word_1_211' title='bbox 426 2736 610 2795; x_wconf 84' lang='lat' dir='ltr'>lectio</span> <span class='ocrx_word' id='word_1_212' title='bbox 674 2739 1072 2809; x_wconf 83' lang='lat' dir='ltr'>confirmant3</span> <span class='ocrx_word' id='word_1_213' title='bbox 1138 2743 1200 2802; x_wconf 89' lang='lat' dir='ltr'>et</span> <span class='ocrx_word' id='word_1_214' title='bbox 1242 2742 1360 2815; x_wconf 94' lang='lat' dir='ltr'>IV,</span> <span class='ocrx_word' id='word_1_215' title='bbox 1409 2741 1483 2814; x_wconf 91' lang='grc'>7,</span> <span class='ocrx_word' id='word_1_216' title='bbox 1534 2739 1631 2800; x_wconf 90' lang='grc'>18.</span> <span class='ocrx_word' id='word_1_217' title='bbox 1692 2760 1874 2816; x_wconf 88' lang='lat' dir='ltr'>quem</span> <span class='ocrx_word' id='word_1_218' title='bbox 1932 2758 2175 2801; x_wconf 79' lang='lat' dir='ltr'>versum</span> <span class='ocrx_word' id='word_1_219' title='bbox 2223 2740 2304 2799; x_wconf 89' lang='lat' dir='ltr'>ob</span> 
     </span>
     <span class='ocr_line' id='line_1_24' title="bbox 196 2841 2308 2921; baseline -0 -22"><span class='ocrx_word' id='word_1_220' title='bbox 196 2841 420 2899; x_wconf 84' lang='lat' dir='ltr'>duram</span> <span class='ocrx_word' id='word_1_221' title='bbox 468 2841 1021 2900; x_wconf 79' lang='lat' dir='ltr'>constructionem:</span> <span class='ocrx_word' id='word_1_222' title='bbox 1084 2843 1449 2921; x_wconf 77' lang='lat' dir='ltr'>suppleatur</span> <span class='ocrx_word' id='word_1_223' title='bbox 1508 2842 1667 2901; x_wconf 90' lang='lat' dir='ltr'>enim</span> <span class='ocrx_word' id='word_1_224' title='bbox 1726 2860 1980 2903; x_wconf 78' lang='lat' dir='ltr'>necesse</span> <span class='ocrx_word' id='word_1_225' title='bbox 2029 2843 2124 2901; x_wconf 87' lang='lat' dir='ltr'>est</span> <span class='ocrx_word' id='word_1_226' title='bbox 2167 2842 2308 2899; x_wconf 71' lang='lat' dir='ltr'>eius</span> 
     </span>
     <span class='ocr_line' id='line_1_25' title="bbox 196 2941 2306 3015; baseline -0.002 -12"><span class='ocrx_word' id='word_1_227' title='bbox 196 2946 329 3003; x_wconf 76' lang='lat' dir='ltr'>sive</span> <span class='ocrx_word' id='word_1_228' title='bbox 373 2944 572 3014; x_wconf 60' lang='lat' dir='ltr'>cuiue,</span> <span class='ocrx_word' id='word_1_229' title='bbox 616 2941 783 3015; x_wconf 78' lang='lat' dir='ltr'>quod</span> <span class='ocrx_word' id='word_1_230' title='bbox 825 2943 904 3002; x_wconf 78' lang='lat' dir='ltr'>ad</span> <span class='ocrx_word' id='word_1_231' title='bbox 944 2945 1280 3006; x_wconf 88' lang='lat' dir='ltr'>Herculem</span> <span class='ocrx_word' id='word_1_232' title='bbox 1324 2946 1479 3005; x_wconf 90' lang='lat' dir='ltr'>haec</span> <span class='ocrx_word' id='word_1_233' title='bbox 1519 2945 1709 3004; x_wconf 79' lang='lat' dir='ltr'>verba</span> <span class='ocrx_word' id='word_1_234' title='bbox 1752 2943 2080 3003; x_wconf 79' lang='lat' dir='ltr'>referenda</span> <span class='ocrx_word' id='word_1_235' title='bbox 2124 2945 2306 3001; x_wconf 76' lang='lat' dir='ltr'>sunt:</span> 
     </span>
     <span class='ocr_line' id='line_1_26' title="bbox 197 3042 2309 3123; baseline -0.002 -18"><span class='ocrx_word' id='word_1_236' title='bbox 197 3046 484 3123; x_wconf 82' lang='lat' dir='ltr'>spurium</span> <span class='ocrx_word' id='word_1_237' title='bbox 553 3044 777 3103; x_wconf 87' lang='lat' dir='ltr'>iudico.</span> <span class='ocrx_word' id='word_1_238' title='bbox 837 3075 925 3090; x_wconf 92' lang='lat'>—</span> <span class='ocrx_word' id='word_1_239' title='bbox 1035 3047 1287 3122; x_wconf 80' lang='lat' dir='ltr'>Syllaba</span> <span class='ocrx_word' id='word_1_240' title='bbox 1351 3046 1552 3105; x_wconf 79' lang='lat' dir='ltr'>brevis</span> <span class='ocrx_word' id='word_1_241' title='bbox 1618 3045 1797 3103; x_wconf 87' lang='lat' dir='ltr'>etiam</span> <span class='ocrx_word' id='word_1_242' title='bbox 1865 3047 2008 3102; x_wconf 84' lang='lat' dir='ltr'>ante</span> <span class='ocrx_word' id='word_1_243' title='bbox 2072 3042 2309 3101; x_wconf 76' lang='lat' dir='ltr'>litteras</span> 
     </span>
     <span class='ocr_line' id='line_1_27' title="bbox 197 3143 2311 3224; baseline -0.001 -18"><span class='ocrx_word' id='word_1_244' title='bbox 197 3148 624 3207; x_wconf 81' lang='lat' dir='ltr'>consonantes</span> <span class='ocrx_word' id='word_1_245' title='bbox 669 3166 764 3221; x_wconf 73' lang='lat' dir='ltr'>sp,</span> <span class='ocrx_word' id='word_1_246' title='bbox 808 3167 900 3221; x_wconf 71' lang='lat' dir='ltr'>sc,</span> <span class='ocrx_word' id='word_1_247' title='bbox 944 3167 1071 3224; x_wconf 72' lang='lat' dir='ltr'>scr,</span> <span class='ocrx_word' id='word_1_248' title='bbox 1114 3154 1195 3221; x_wconf 74' lang='grc' dir='ltr'>εἰ,</span> <span class='ocrx_word' id='word_1_249' title='bbox 1239 3154 1337 3207; x_wconf 73' lang='lat' dir='ltr'>str</span> <span class='ocrx_word' id='word_1_250' title='bbox 1380 3150 1498 3206; x_wconf 89' lang='lat' dir='ltr'>etc.</span> <span class='ocrx_word' id='word_1_251' title='bbox 1558 3143 1670 3223; x_wconf 76' lang='lat' dir='ltr'>(cf.</span> <span class='ocrx_word' id='word_1_252' title='bbox 1715 3145 1989 3205; x_wconf 88' lang='lat' dir='ltr'>Lambin.</span> <span class='ocrx_word' id='word_1_253' title='bbox 2034 3143 2111 3203; x_wconf 84' lang='lat' dir='ltr'>ad</span> <span class='ocrx_word' id='word_1_254' title='bbox 2156 3143 2311 3204; x_wconf 78' lang='lat' dir='ltr'>Hor.</span> 
     </span>
     <span class='ocr_line' id='line_1_28' title="bbox 194 3243 2311 3326; baseline -0.002 -17"><span class='ocrx_word' id='word_1_255' title='bbox 194 3251 339 3310; x_wconf 81' lang='lat' dir='ltr'>Sat.</span> <span class='ocrx_word' id='word_1_256' title='bbox 383 3244 452 3321; x_wconf 91' lang='grc' dir='ltr'>Ι,</span> <span class='ocrx_word' id='word_1_257' title='bbox 503 3247 579 3320; x_wconf 88' lang='grc'>2,</span> <span class='ocrx_word' id='word_1_258' title='bbox 626 3244 726 3305; x_wconf 89' lang='grc'><strong>30.</strong></span> <span class='ocrx_word' id='word_1_259' title='bbox 806 3246 981 3307; x_wconf 88' lang='lat' dir='ltr'>Iahn.</span> <span class='ocrx_word' id='word_1_260' title='bbox 1026 3248 1105 3307; x_wconf 78' lang='lat' dir='ltr'>ad</span> <span class='ocrx_word' id='word_1_261' title='bbox 1146 3249 1312 3326; x_wconf 87' lang='lat' dir='ltr'>Virg.</span> <span class='ocrx_word' id='word_1_262' title='bbox 1355 3247 1510 3308; x_wconf 86' lang='lat' dir='ltr'>Aen.</span> <span class='ocrx_word' id='word_1_263' title='bbox 1553 3248 1680 3322; x_wconf 89' lang='lat' dir='ltr'>XI,</span> <span class='ocrx_word' id='word_1_264' title='bbox 1728 3245 1871 3308; x_wconf 89' lang='grc'><strong>309.</strong></span> <span class='ocrx_word' id='word_1_265' title='bbox 1946 3243 2311 3320; x_wconf 82' lang='lat' dir='ltr'>Zinzerling.</span> 
     </span>
     <span class='ocr_line' id='line_1_29' title="bbox 196 3341 2313 3424; baseline -0.004 -13"><span class='ocrx_word' id='word_1_266' title='bbox 196 3348 519 3411; x_wconf 85' lang='lat' dir='ltr'>Promuls.</span> <span class='ocrx_word' id='word_1_267' title='bbox 582 3349 715 3407; x_wconf 88' lang='lat' dir='ltr'>crit.</span> <span class='ocrx_word' id='word_1_268' title='bbox 778 3365 913 3424; x_wconf 88' lang='lat' dir='ltr'>cap.</span> <span class='ocrx_word' id='word_1_269' title='bbox 974 3347 1078 3409; x_wconf 88' lang='grc'><strong>37.</strong></span> <span class='ocrx_word' id='word_1_270' title='bbox 1159 3348 1237 3409; x_wconf 74' lang='lat' dir='ltr'>G.</span> <span class='ocrx_word' id='word_1_271' title='bbox 1282 3350 1459 3409; x_wconf 75' lang='lat' dir='ltr'>VoSS.</span> <span class='ocrx_word' id='word_1_272' title='bbox 1520 3349 1729 3409; x_wconf 79' lang='lat' dir='ltr'>Gram.</span> <span class='ocrx_word' id='word_1_273' title='bbox 1774 3348 1884 3410; x_wconf 89' lang='lat' dir='ltr'>lat.</span> <span class='ocrx_word' id='word_1_274' title='bbox 1925 3341 2013 3419; x_wconf 87' lang='grc' dir='ltr'>Π,</span> <span class='ocrx_word' id='word_1_275' title='bbox 2063 3343 2162 3417; x_wconf 90' lang='grc'>11,</span> <span class='ocrx_word' id='word_1_276' title='bbox 2212 3342 2313 3403; x_wconf 88' lang='grc'>15.</span> 
     </span>
     <span class='ocr_line' id='line_1_30' title="bbox 199 3445 2314 3527; baseline -0.004 -13"><span class='ocrx_word' id='word_1_277' title='bbox 199 3452 502 3514; x_wconf 81' lang='lat' dir='ltr'>Schneid.</span> <span class='ocrx_word' id='word_1_278' title='bbox 549 3450 657 3510; x_wconf 79' lang='lat' dir='ltr'>Gr.</span> <span class='ocrx_word' id='word_1_279' title='bbox 698 3450 745 3510; x_wconf 92' lang='lat' dir='ltr'>l.</span> <span class='ocrx_word' id='word_1_280' title='bbox 785 3446 839 3510; x_wconf 91' lang='lat' dir='ltr'>I.</span> <span class='ocrx_word' id='word_1_281' title='bbox 884 3470 947 3527; x_wconf 91' lang='lat' dir='ltr'>p.</span> <span class='ocrx_word' id='word_1_282' title='bbox 993 3448 1136 3512; x_wconf 90' lang='grc'><strong>705.</strong></span> <span class='ocrx_word' id='word_1_283' title='bbox 1211 3450 1669 3513; x_wconf 81' lang='lat' dir='ltr'>Schwenkfeld.</span> <span class='ocrx_word' id='word_1_284' title='bbox 1729 3452 1793 3510; x_wconf 90' lang='lat' dir='ltr'>in</span> <span class='ocrx_word' id='word_1_285' title='bbox 1834 3449 2009 3508; x_wconf 90' lang='lat' dir='ltr'>Iahn.</span> <span class='ocrx_word' id='word_1_286' title='bbox 2067 3445 2314 3508; x_wconf 80' lang='lat' dir='ltr'>Archiv.</span> 
     </span>
     <span class='ocr_line' id='line_1_31' title="bbox 206 3546 2315 3632; baseline -0.005 -17"><span class='ocrx_word' id='word_1_287' title='bbox 206 3548 401 3615; x_wconf 86' lang='grc'><strong>1836.</strong></span> <span class='ocrx_word' id='word_1_288' title='bbox 459 3552 578 3625; x_wconf 90' lang='lat' dir='ltr'>IV,</span> <span class='ocrx_word' id='word_1_289' title='bbox 639 3550 699 3613; x_wconf 82' lang='lat'>4.</span> <span class='ocrx_word' id='word_1_290' title='bbox 748 3573 811 3630; x_wconf 90' lang='lat' dir='ltr'>p.</span> <span class='ocrx_word' id='word_1_291' title='bbox 872 3551 1256 3632; x_wconf 77' lang='lat'><strong>624—27.)</strong></span> <span class='ocrx_word' id='word_1_292' title='bbox 1313 3555 1711 3632; x_wconf 82' lang='lat' dir='ltr'>producitur,</span> <span class='ocrx_word' id='word_1_293' title='bbox 1763 3552 1873 3613; x_wconf 80' lang='lat' dir='ltr'>sed</span> <span class='ocrx_word' id='word_1_294' title='bbox 1927 3565 2070 3608; x_wconf 88' lang='lat' dir='ltr'>raro</span> <span class='ocrx_word' id='word_1_295' title='bbox 2132 3549 2195 3607; x_wconf 86' lang='lat' dir='ltr'>et</span> <span class='ocrx_word' id='word_1_296' title='bbox 2251 3546 2315 3605; x_wconf 86' lang='lat' dir='ltr'>in</span> 
     </span>
     <span class='ocr_line' id='line_1_32' title="bbox 200 3645 2316 3731; baseline 0.003 -15"><span class='ocrx_word' id='word_1_297' title='bbox 200 3656 373 3716; x_wconf 72' lang='lat' dir='ltr'>thesi</span> <span class='ocrx_word' id='word_1_298' title='bbox 418 3657 679 3728; x_wconf 75' lang='lat' dir='ltr'>tantum,</span> <span class='ocrx_word' id='word_1_299' title='bbox 726 3655 806 3715; x_wconf 75' lang='lat' dir='ltr'>cf.</span> <span class='ocrx_word' id='word_1_300' title='bbox 855 3655 1078 3716; x_wconf 75' lang='lat' dir='ltr'>eatan.</span> <span class='ocrx_word' id='word_1_301' title='bbox 1123 3657 1320 3731; x_wconf 78' lang='lat' dir='ltr'>xm,</span> <span class='ocrx_word' id='word_1_302' title='bbox 1369 3656 1473 3717; x_wconf 81' lang='lat'>24.</span> <span class='ocrx_word' id='word_1_303' title='bbox 1536 3657 1738 3729; x_wconf 83' lang='lat' dir='ltr'>xxn,</span> <span class='ocrx_word' id='word_1_304' title='bbox 1787 3654 1885 3715; x_wconf 78' lang='lat'>12.</span> <span class='ocrx_word' id='word_1_305' title='bbox 1949 3649 2163 3721; x_wconf 80' lang='lat' dir='ltr'>xuv,</span> <span class='ocrx_word' id='word_1_306' title='bbox 2213 3645 2316 3706; x_wconf 84' lang='lat'>18·</span> 
     </span>
     <span class='ocr_line' id='line_1_33' title="bbox 202 3747 2354 3833; baseline -0.003 -16"><span class='ocrx_word' id='word_1_307' title='bbox 202 3755 454 3827; x_wconf 87' lang='lat' dir='ltr'>LXIII,</span> <span class='ocrx_word' id='word_1_308' title='bbox 500 3752 603 3816; x_wconf 86' lang='grc'>53.</span> <span class='ocrx_word' id='word_1_309' title='bbox 667 3756 802 3815; x_wconf 84' lang='lat' dir='ltr'>Tib.</span> <span class='ocrx_word' id='word_1_310' title='bbox 842 3751 911 3830; x_wconf 90' lang='lat' dir='ltr'>I,</span> <span class='ocrx_word' id='word_1_311' title='bbox 959 3755 1019 3817; x_wconf 84' lang='lat'>5.</span> <span class='ocrx_word' id='word_1_312' title='bbox 1065 3756 1168 3816; x_wconf 89' lang='grc'><strong>28.</strong></span> <span class='ocrx_word' id='word_1_313' title='bbox 1245 3757 1354 3818; x_wconf 87' lang='lat' dir='ltr'>Sil.</span> <span class='ocrx_word' id='word_1_314' title='bbox 1403 3759 1482 3819; x_wconf 85' lang='lat' dir='ltr'>lt.</span> <span class='ocrx_word' id='word_1_315' title='bbox 1523 3757 1649 3833; x_wconf 92' lang='lat' dir='ltr'>IX,</span> <span class='ocrx_word' id='word_1_316' title='bbox 1695 3755 1839 3817; x_wconf 90' lang='grc'><strong>575.</strong></span> <span class='ocrx_word' id='word_1_317' title='bbox 1917 3753 2127 3828; x_wconf 84' lang='lat' dir='ltr'>XVII,</span> <span class='ocrx_word' id='word_1_318' title='bbox 2172 3747 2354 3811; x_wconf 54' lang='grc'><strong>546.’</strong></span> 
     </span>
     <span class='ocr_line' id='line_1_34' title="bbox 203 3848 2320 3938; baseline -0.003 -22"><span class='ocrx_word' id='word_1_319' title='bbox 203 3859 452 3938; x_wconf 81' lang='lat' dir='ltr'>Lucan.</span> <span class='ocrx_word' id='word_1_320' title='bbox 497 3856 583 3929; x_wconf 87' lang='lat' dir='ltr'>V,</span> <span class='ocrx_word' id='word_1_321' title='bbox 629 3854 805 3915; x_wconf 80' lang='lat'><strong>551,·</strong></span> <span class='ocrx_word' id='word_1_322' title='bbox 855 3858 1037 3917; x_wconf 88' lang='lat' dir='ltr'>Mart.</span> <span class='ocrx_word' id='word_1_323' title='bbox 1080 3855 1180 3933; x_wconf 92' lang='lat' dir='ltr'>II,</span> <span class='ocrx_word' id='word_1_324' title='bbox 1226 3858 1346 3930; x_wconf 87' lang='grc'>66,</span> <span class='ocrx_word' id='word_1_325' title='bbox 1397 3859 1460 3922; x_wconf 91' lang='grc'><strong>8.</strong></span> <span class='ocrx_word' id='word_1_326' title='bbox 1533 3859 1728 3919; x_wconf 85' lang='lat' dir='ltr'>Prud.</span> <span class='ocrx_word' id='word_1_327' title='bbox 1788 3857 2015 3918; x_wconf 77' lang='lat' dir='ltr'>Perist.</span> <span class='ocrx_word' id='word_1_328' title='bbox 2057 3855 2153 3930; x_wconf 87' lang='lat' dir='ltr'>X,</span> <span class='ocrx_word' id='word_1_329' title='bbox 2212 3848 2320 3911; x_wconf 73' lang='lat'>86.</span> 
     </span>
     <span class='ocr_line' id='line_1_35' title="bbox 204 3953 2320 4041; baseline -0.004 -20"><span class='ocrx_word' id='word_1_330' title='bbox 204 3958 448 4033; x_wconf 83' lang='lat' dir='ltr'><strong>Psych.</strong></span> <span class='ocrx_word' id='word_1_331' title='bbox 517 3955 662 4016; x_wconf 87' lang='grc'><strong>685.</strong></span> <span class='ocrx_word' id='word_1_332' title='bbox 730 3957 875 4020; x_wconf 88' lang='grc'><strong>902.</strong></span> <span class='ocrx_word' id='word_1_333' title='bbox 952 3963 1071 4024; x_wconf 84' lang='lat' dir='ltr'>etc.</span> <span class='ocrx_word' id='word_1_334' title='bbox 1170 3962 1539 4041; x_wconf 81' lang='lat' dir='ltr'>Virgilianos</span> <span class='ocrx_word' id='word_1_335' title='bbox 1601 3960 1801 4018; x_wconf 88' lang='lat' dir='ltr'>autem</span> <span class='ocrx_word' id='word_1_336' title='bbox 1821 3998 1841 4030; x_wconf 93' lang='lat'>,</span> <span class='ocrx_word' id='word_1_337' title='bbox 1907 3975 2065 4034; x_wconf 77' lang='lat' dir='ltr'>quos</span> <span class='ocrx_word' id='word_1_338' title='bbox 2134 3953 2320 4032; x_wconf 80' lang='lat' dir='ltr'>vulgo</span> 
     </span>
     <span class='ocr_line' id='line_1_36' title="bbox 205 4052 2321 4137; baseline 0.003 -13"><span class='ocrx_word' id='word_1_339' title='bbox 205 4061 560 4124; x_wconf 81' lang='lat' dir='ltr'>laudabant</span> <span class='ocrx_word' id='word_1_340' title='bbox 600 4078 847 4122; x_wconf 63' lang='lat' dir='ltr'>versun</span> <span class='ocrx_word' id='word_1_341' title='bbox 887 4064 1044 4124; x_wconf 85' lang='lat' dir='ltr'>Aen.</span> <span class='ocrx_word' id='word_1_342' title='bbox 1083 4063 1156 4135; x_wconf 92' lang='lat' dir='ltr'>V,</span> <span class='ocrx_word' id='word_1_343' title='bbox 1203 4062 1347 4127; x_wconf 88' lang='grc'><strong>163.</strong></span> <span class='ocrx_word' id='word_1_344' title='bbox 1407 4064 1511 4137; x_wconf 90' lang='lat' dir='ltr'>VI,</span> <span class='ocrx_word' id='word_1_345' title='bbox 1544 4058 1689 4120; x_wconf 82' lang='lat'><strong>687.</strong></span> <span class='ocrx_word' id='word_1_346' title='bbox 1745 4060 1857 4134; x_wconf 85' lang='lat' dir='ltr'>lx,</span> <span class='ocrx_word' id='word_1_347' title='bbox 1892 4056 1994 4120; x_wconf 84' lang='lat'>37·</span> <span class='ocrx_word' id='word_1_348' title='bbox 2059 4057 2139 4130; x_wconf 68' lang='lat' dir='ltr'>x,</span> <span class='ocrx_word' id='word_1_349' title='bbox 2173 4052 2321 4114; x_wconf 73' lang='lat'><strong>25¹·</strong></span> 
     </span>
     <span class='ocr_line' id='line_1_37' title="bbox 205 4156 2320 4242; baseline -0.006 -17"><span class='ocrx_word' id='word_1_350' title='bbox 205 4165 334 4238; x_wconf 85' lang='lat' dir='ltr'>xl,</span> <span class='ocrx_word' id='word_1_351' title='bbox 380 4160 525 4223; x_wconf 88' lang='grc'><strong>309.</strong></span> <span class='ocrx_word' id='word_1_352' title='bbox 569 4163 689 4222; x_wconf 87' lang='lat' dir='ltr'>iam</span> <span class='ocrx_word' id='word_1_353' title='bbox 731 4162 958 4239; x_wconf 67' lang='lat' dir='ltr'>Heyn„</span> <span class='ocrx_word' id='word_1_354' title='bbox 999 4164 1174 4224; x_wconf 81' lang='lat' dir='ltr'>Iahn.</span> <span class='ocrx_word' id='word_1_355' title='bbox 1227 4168 1451 4242; x_wconf 88' lang='lat' dir='ltr'>aliique</span> <span class='ocrx_word' id='word_1_356' title='bbox 1510 4163 1942 4235; x_wconf 79' lang='lat' dir='ltr'>correxerunt3</span> <span class='ocrx_word' id='word_1_357' title='bbox 1999 4160 2109 4218; x_wconf 63' lang='grc' dir='ltr'><strong>ΟΥ.</strong></span> <span class='ocrx_word' id='word_1_358' title='bbox 2152 4156 2201 4216; x_wconf 80' lang='lat' dir='ltr'>F</span> <span class='ocrx_word' id='word_1_359' title='bbox 2204 4157 2320 4214; x_wconf 82' lang='lat' dir='ltr'>ast.</span> 
     </span>
     <span class='ocr_line' id='line_1_38' title="bbox 208 4258 2325 4342; baseline -0.003 -13"><span class='ocrx_word' id='word_1_360' title='bbox 208 4268 329 4341; x_wconf 82' lang='lat' dir='ltr'>VI,</span> <span class='ocrx_word' id='word_1_361' title='bbox 382 4264 523 4326; x_wconf 87' lang='grc'><strong>139.</strong></span> <span class='ocrx_word' id='word_1_362' title='bbox 582 4267 708 4325; x_wconf 71' lang='lat' dir='ltr'>eive</span> <span class='ocrx_word' id='word_1_363' title='bbox 764 4268 1082 4327; x_wconf 75' lang='lat' dir='ltr'>horrenda</span> <span class='ocrx_word' id='word_1_364' title='bbox 1138 4287 1279 4327; x_wconf 90' lang='lat' dir='ltr'>cum</span> <span class='ocrx_word' id='word_1_365' title='bbox 1339 4277 1519 4330; x_wconf 81' lang='lat' dir='ltr'>nocte</span> <span class='ocrx_word' id='word_1_366' title='bbox 1581 4261 2071 4342; x_wconf 69' lang='lat' dir='ltr'>coniungentium</span> <span class='ocrx_word' id='word_1_367' title='bbox 2130 4261 2203 4317; x_wconf 78' lang='lat' dir='ltr'>ut</span> <span class='ocrx_word' id='word_1_368' title='bbox 2244 4258 2325 4315; x_wconf 67' lang='lat' dir='ltr'>Sit</span> 
     </span>
     <span class='ocr_line' id='line_1_39' title="bbox 211 4359 2327 4448; baseline -0.004 -18"><span class='ocrx_word' id='word_1_369' title='bbox 211 4370 581 4445; x_wconf 82' lang='lat' dir='ltr'>anticipatio</span> <span class='ocrx_word' id='word_1_370' title='bbox 640 4367 843 4446; x_wconf 73' lang='lat' dir='ltr'>(nox,</span> <span class='ocrx_word' id='word_1_371' title='bbox 905 4388 1068 4448; x_wconf 79' lang='lat' dir='ltr'>quae</span> <span class='ocrx_word' id='word_1_372' title='bbox 1125 4371 1412 4445; x_wconf 68' lang='lat' dir='ltr'>striyium</span> <span class='ocrx_word' id='word_1_373' title='bbox 1458 4384 1619 4430; x_wconf 68' lang='lat' dir='ltr'>sonu</span> <span class='ocrx_word' id='word_1_374' title='bbox 1670 4365 1984 4426; x_wconf 72' lang='lat' dir='ltr'>horrenda</span> <span class='ocrx_word' id='word_1_375' title='bbox 2020 4359 2135 4441; x_wconf 80' lang='lat' dir='ltr'>fit)</span> <span class='ocrx_word' id='word_1_376' title='bbox 2202 4360 2327 4419; x_wconf 73' lang='lat' dir='ltr'>sive</span> 
     </span>
    </p>
   </div>
  </div>
 </body>
</html>
